2692 3118
1318 183 1352 229 6

292 330 434 370 factum
461 343 553 370 esse
581 330 851 371 demonstrant.
907 328 1139 384 Quamquam
1166 343 1236 385 per
1263 343 1308 372 se
1347 331 1444 372 satis
1481 334 1544 370 est
1569 329 1790 385 probabile,
1824 329 1926 371 haud
1951 342 2041 371 raro
2071 329 2283 388 Thebanos
2311 344 2373 372 ar-

291 404 452 445 chontes
470 405 675 445 communis
694 403 927 444 Boeotorum
955 409 1108 445 creatos
1137 418 1243 456 esse,
1270 406 1321 446 iis
1348 405 1588 461 potissimum
1615 405 1866 460 temporibus,
1895 405 2028 458 quibus
2055 405 2122 445 illa
2149 406 2239 445 urbs
2267 405 2372 460 prin-

292 478 456 533 cipatum
481 477 669 518 Boeotiae
696 477 872 517 habebat.

399 551 555 592 Titulos
582 564 676 592 vero
704 551 803 592 istos
833 550 920 602 duo,
948 551 989 592 in
1016 565 1173 607 quorum
1200 552 1323 594 altero
1342 552 1587 595 Ulrichsiano
1616 566 1653 593 v.
1672 554 1823 602 {unus
1852 546 2242 607 ἀφεδριατευόντων
2260 552 2370 594 The·

291 624 411 665 banus
441 630 524 676 est,
571 626 606 665 si
633 626 742 665 brevi
768 630 858 680 post
883 627 1082 667 restitutas
1111 641 1135 666 a
1161 625 1387 667 Cassandro
1417 627 1578 667 Thebas
1618 626 1786 681 (Olymp.
1814 629 1905 667 116.
1935 629 1959 665 1
1986 625 2163 667 Mueller.
2193 627 2371 668 Orchom.

289 714 327 756 p.
348 701 446 752 428)
474 701 639 754 scriptos
668 713 774 751 esse,
804 713 885 739 cum
910 699 1104 741 Ulrichsio
1133 702 1288 753 statuis,
1317 706 1477 756 apparet
1504 701 1615 741 simul
1643 714 1774 751 causa,
1803 714 1872 741 cur
1900 714 2063 742 summus
2091 701 2265 742 foederis
2293 715 2372 742 ma·

289 774 475 827 gistratus
505 773 600 811 civis
628 773 733 812 urbis
771 773 869 813 alius
903 787 983 814 non
1012 774 1235 814 Thebarum
1272 774 1417 824 fuerit3
1454 788 1584 815 earum
1621 775 1722 814 enim
1757 787 1823 813 res
1859 774 2050 813 etiamtum
2085 775 2182 814 satis
2221 776 2373 815 attritas

288 846 412 885 fuisso
450 845 657 897 coniicias,
693 859 730 885 v.
760 844 1029 887 Wachsmuth.
1056 846 1159 887 Hell.
1187 847 1268 888 Ale.
1297 848 1318 888 1
1345 862 1383 903 p.
1410 851 1503 888 710.
1560 847 1832 902 Thespienses
1871 852 1994 887 autem
2033 852 2158 887 aetate
2185 847 2374 889 Demetrii

286 919 529 959 Poliorcetae
556 932 635 958 non
660 919 825 959 infimum
852 921 955 960 inter
975 919 1150 961 Boeotos
1176 921 1300 961 locum
1329 922 1526 972 tenuisse,
1552 920 1784 961 Plutarchus
1813 921 1980 964 ostendit
2005 920 2118 960 Dem.
2136 922 2212 960 39:
2241 918 2374 961 Πίσι-

287 992 361 1040 δος
385 993 463 1032 τοῦ
485 990 718 1040 Θεσπιέως,
750 985 797 1040 ὃς
823 990 1038 1048 ἐπρώτευε
1066 991 1168 1050 δόξῃ
1197 994 1272 1035 καὶ
1298 991 1475 1045 δυνάμει
1500 990 1623 1035 τότε·
1679 994 1958 1035 Polemarchos
1982 998 2123 1035 tantum
2143 999 2224 1034 tres
2247 995 2372 1034 fuisse

284 1080 362 1107 non
391 1080 477 1117 sex,
507 1080 602 1119 quae
628 1065 822 1107 Boeckhii
850 1073 934 1108 erat
962 1070 1189 1124 computatio
1218 1083 1255 1110 v.
1274 1069 1306 1109 1.
1327 1083 1364 1125 p.
1384 1071 1479 1112 m.
1498 1069 1521 1108 b
1551 1083 1601 1109 ex
1627 1069 1943 1124 inscriptionibus
1972 1083 2009 1109 n.
2040 1069 2226 1109 law—4
2247 1067 2372 1119 ducta,

285 1142 381 1182 bene
410 1139 567 1182 Curtius
594 1140 785 1183 intellexit
810 1156 847 1198 p.
877 1145 979 1193 11ος
1014 1157 1103 1184 nam
1129 1142 1409 1198 Δαματριχίω
1438 1148 1477 1184 et
1503 1139 1826 1197 Ποταμοδωρίω
1854 1142 2044 1183 adiectiva
2072 1147 2160 1183 sunt
2186 1147 2370 1197 patrony-

283 1215 393 1257 mica.
449 1214 622 1256 Eundem
648 1229 858 1269 numerum,
886 1215 986 1271 quod
1006 1215 1179 1259 Curtium
1206 1217 1322 1273 fugit,
1351 1217 1481 1259 titulus
1497 1216 1737 1259 Leakeanus
1753 1231 1793 1258 n.
1815 1218 1870 1258 87
1895 1230 1932 1259 v.
1955 1219 1983 1258 6
2000 1230 2057 1271 sq.
2083 1216 2213 1268 (nobis
2227 1230 2265 1257 n.
2279 1215 2372 1269 ΠΙ.)

282 1289 453 1344 praebet.
509 1288 560 1329 V.
588 1291 713 1329 3-4
738 1290 830 1329 mihi
856 1290 972 1329 multa
998 1292 1159 1331 tentanti
1186 1304 1264 1331 non
1292 1291 1468 1344 contigit,
1496 1295 1537 1328 ut
1557 1303 1616 1329 ,ex
1644 1290 1842 1330 elementis
1871 1289 2022 1329 traditis
2051 1287 2277 1329 adiectivum
2302 1302 2371 1346 pa-

281 1364 535 1417 tronymicum
563 1368 628 1403 aut
652 1378 791 1404 nomen
816 1366 1014 1419 proprium
1039 1366 1302 1419 exsculperem
1337 1363 1437 1417 quod
1464 1351 1724 1404 satisfaceret.
1786 1363 1922 1416 Neque
1956 1362 2083 1403 Curtii
2112 1361 2372 1415 Πεδαβασίω

282 1437 340 1489 (ut
361 1431 633 1491 Ὀρειβᾶσιος
656 1436 836 1477 Lobeck.
863 1437 1018 1477 Pathol.
1047 1439 1145 1488 421)
1181 1437 1334 1476 videtur
1370 1450 1500 1475 verum
1528 1449 1620 1475 esse
1634 1466 1646 1486 ‚
1683 1435 1776 1475 licet
1800 1440 1912 1489 pater
1940 1434 2199 1489 Caphisiadao
2232 1450 2372 1477 nomen

282 1510 323 1551 in
349 1522 454 1558 ασος
479 1509 719 1551 terminatum
744 1510 923 1550 habuerit
950 1507 1209 1564 (Πέρμασος,
1238 1503 1512 1564 Περμάσιχος
1538 1508 1595 1549 tit.
1622 1507 1745 1549 Ross.
1767 1506 1936 1563 Thesp.,
1953 1502 2176 1557 Ἵππασος,
2207 1503 2371 1564 Γόργα-

284 1596 370 1631 σος,
412 1581 617 1630 Νίκασος,
657 1578 896 1634 Κύβδασος,
922 1576 1140 1630 ’Ἀντασος,
1168 1577 1322 1631 Ἴασος,
1360 1581 1607 1632 Σκέδασος).
1672 1580 1722 1625 V.
1750 1583 1779 1621 4
1809 1577 2022 1635 ΦιΊλῙλιος
2047 1580 2251 1637 legendum
2278 1595 2370 1624 esse

282 1658 358 1698 iam
387 1662 501 1698 antea
529 1657 746 1712 suspicatus
776 1670 858 1697 sum
884 1657 924 1696 in
950 1655 1083 1697 Jahnii
1113 1660 1152 1696 et
1176 1655 1326 1697 Klotzii
1352 1656 1494 1697 Annal.
1512 1654 1722 1699 XXXVII.
1750 1657 1789 1696 2.
1817 1657 1919 1706 2⁰⁰3
1948 1655 2048 1696 idem
2065 1655 2263 1697 Ahrensio
2287 1656 2369 1712 pla·

286 1733 364 1771 cuit
389 1731 443 1771 11.
479 1745 517 1785 p.
554 1733 647 1771 522.
720 1731 986 1771 Nominativus
1022 1732 1154 1770 nescio
1192 1736 1313 1770 utrum
1355 1728 1515 1783 Φίλλης
1551 1731 1635 1769 sive
1673 1728 1848 1776 Φίλλεις
1884 1732 1942 1781 (ut
1976 1727 2138 1783 Κίλλης
2172 1730 2368 1770 Plutarch.

284 1806 457 1846 Demetr.
484 1808 527 1857 6,
556 1803 602 1845 C.
631 1804 671 1846 J.
698 1819 737 1848 n.
764 1806 883 1845 2561.
911 1806 948 1846 b.
976 1806 1036 1857 2),
1065 1818 1113 1846 an
1142 1801 1292 1853 Φίλλις
1317 1804 1447 1845 fuerit.
1496 1799 1743 1861 Ἀντίμαχος
1772 1802 2047 1843 ΦΙζΛΛΟΥΣ
2069 1804 2096 1844 i.
2116 1817 2151 1844 e.
2184 1800 2369 1852 Φίλλους

287 1884 348 1920 est
374 1880 415 1919 in
444 1877 554 1920 Curt.
582 1876 732 1919 Anecd.
760 1878 899 1935 Delph.
928 1892 965 1919 u.
995 1881 1059 1920 19.
1087 1880 1113 1919 2
1140 1891 1176 1936 p.
1204 1880 1280 1933 65,
1319 1878 1380 1920 ubi
1409 1877 1534 1920 editor
1564 1871 1731 1929 Φιάλρυ
1760 1876 1936 1934 scripsit3
1974 1876 2044 1918 sed
2071 1890 2156 1919 cum
2181 1876 2248 1919 illo
2277 1890 2367 1919 con-

287 1955 389 1993 venit
420 1951 605 1999 Φιλλέας
631 1954 720 1992 item
738 1953 910 2007 Delphus
939 1966 999 2007 ap.
1023 1952 1130 1992 Curt.
1158 1967 1195 1993 n.
1221 1956 1262 1993 9.
1293 1955 1344 1993 12
1372 1958 1411 1992 et
1442 1949 1622 1998 Φιλλίας
1638 1951 1766 1991 Arcas
1789 1950 1836 1991 C.
1855 1950 1894 1991 J.
1913 1965 1951 1991 n.
1972 1953 2090 1992 1514.
2118 1953 2145 1991 2
2173 1951 2363 2004 (Ahrens.

283 2027 316 2068 1.
344 2042 382 2082 p.
401 2028 512 2078 213).
572 2023 733 2079 Φίλλης
755 2020 931 2073 Ἠλεῖος
958 2041 1018 2081 ap.
1036 2028 1268 2067 Pausaniam
1287 2026 1357 2068 VI.
1376 2031 1418 2077 9,
1437 2029 1466 2065 4
1493 2025 1663 2065 codicum
1690 2024 1766 2064 fide
1794 2030 1928 2065 contra
1955 2025 2213 2080 suspicionem
2233 2022 2368 2064 Φίλυυ

286 2104 336 2153 (c.
364 2100 475 2151 XIV,
506 2101 575 2152 11)
605 2099 843 2150 defenditur3
873 2100 958 2141 add.
986 2100 1132 2141 Kraus.
1161 2100 1310 2156 Olymp.
1338 2114 1376 2156 p.
1403 2102 1497 2141 354.
1552 2099 1704 2140 Nomen
1733 2095 1886 2146 Φίλλις
1912 2103 2035 2139 autem
2063 2099 2248 2154 exemplis
2275 2111 2366 2154 pro·

283 2176 409 2215 batum
437 2178 498 2214 est
525 2187 549 2214 a
579 2173 790 2215 Meinekeo
827 2173 977 2215 Delect.
1006 2178 1109 2230 poet.
1139 2173 1278 2215 anthol.
1310 2173 1378 2215 Gr.
1407 2188 1444 2230 p.
1474 2174 1565 2215 184.
1633 2171 1799 2214 Accedit
1829 2169 2036 2220 Φιλλίδας
2062 2176 2102 2212 et
2127 2172 2212 2227 ipse
2235 2170 2365 2212 Boeo-

285 2256 370 2300 tus,
408 2262 432 2288 a
457 2248 714 2303 Xenophonte
750 2253 788 2288 et
814 2248 1024 2289 Plutarcho
1053 2253 1389 2299 commemoratus,
1425 2247 1610 2301 siquidem
1636 2248 1733 2287 haec
1759 2259 1854 2286 vera
1881 2250 1943 2286 est
1969 2246 2133 2286 nominis
2164 2246 2365 2300 scriptura.

283 2323 330 2364 In
354 2321 566 2377 Pelopidae
593 2323 674 2363 vita
699 2320 791 2365 Vll.
819 2324 872 2363 16
897 2322 985 2362 libri
1013 2326 1055 2362 nt
1081 2321 1228 2363 videtur
1255 2335 1387 2362 omnes
1420 2317 1602 2368 Φιλίδας
1627 2320 1783 2371 habent,
1819 2319 2086 2373 annotavitque
2114 2318 2365 2379 Sintenisius,

283 2397 530 2453 probabiliter
558 2394 714 2437 Coraen
740 2396 802 2436 hic
831 2401 871 2436 et
897 2395 1078 2451 deinceps
1111 2393 1322 2443 Φυλλίδας
1348 2394 1575 2435 emendasse
1604 2394 1690 2434 coll.
1710 2392 1936 2434 Schneider.
1966 2392 2015 2433 ad
2031 2392 2185 2433 Hellen.
2213 2406 2252 2448 p.
2271 2394 2364 2433 85⁰.

283 2470 364 2511 Sed
392 2484 424 2510 c.
452 2470 504 2510 X.
531 2472 558 2509 2
586 2470 627 2509 in
655 2468 848 2510 codicibus
877 2474 940 2510 est
970 2466 1175 2518 Φιλλίδας
1202 2472 1439 2525 (quamquam
1466 2469 1519 2508 ibi
1550 2464 1772 2515 Φίλιππος
1797 2467 1950 2507 restitui
1977 2466 2122 2518 debet),
2162 2471 2275 2521 atque
2303 2466 2361 2506 sic

282 2546 418 2584 librum
453 2545 630 2598 optimum
657 2545 696 2583 A
722 2557 804 2583 cum
830 2542 897 2586 V*
940 2548 979 2583 et
1005 2543 1232 2584 editionibus
1261 2543 1534 2596 antiquissimis
1563 2541 1745 2596 deinceps
1781 2541 1868 2591 (lin.
1898 2544 1951 2580 lo
1978 2546 2017 2580 et
2041 2542 2097 2580 ω
2123 2545 2163 2579 et
2187 2539 2260 2579 XI.
2290 2541 2364 2588 14)

283 2622 506 2659 constanter
533 2618 717 2658 exhibere
745 2617 856 2658 docet
883 2617 1021 2658 editor.
1074 2617 1179 2658 Idem
1205 2624 1333 2659 tamen
1363 2614 1544 2663 Φιλίδας
1569 2616 1723 2669 reliquit
1750 2629 1784 2655 c.
1802 2615 1874 2655 IX.
1885 2606 1948 2654 'lo
1966 2619 2005 2654 et
2022 2617 2088 2664 18,
2117 2614 2204 2667 quia
2226 2612 2363 2668 duplex

280 2691 424 2748 liquida
451 2692 505 2732 ibi
532 2697 673 2733 tantum
700 2692 741 2734 in
768 2690 912 2733 duobus
940 2691 1065 2744 libris,
1082 2690 1203 2745 ΜΨ,
1238 2692 1362 2746 iisque
1390 2704 1467 2732 non
1493 2689 1836 2745 praestantissimis
1864 2688 2021 2743 legitur.
2076 2686 2226 2728 Contra
2255 2685 2364 2728 Φυλ-

280 2763 403 2816 λίδας
440 2766 622 2823 scriptum
657 2770 718 2807 est
753 2766 850 2808 locis
880 2765 1076 2819 omnibus,
1112 2766 1175 2821 qui
1203 2766 1299 2810 satis
1326 2764 1431 2807 multi
1458 2769 1570 2818 sunt,
1602 2764 1644 2806 in
1668 2763 1797 2805 libello
1827 2761 1875 2804 de
1903 2761 2019 2818 genio
2048 2759 2224 2802 Socratis
2250 2760 2314 2802 vel
2341 2775 2365 2802 a

281 2842 552 2882 recentissimo
579 2840 728 2881 editore
754 2841 976 2882 Duebnero.
1030 2840 1173 2882 Verum
1208 2841 1296 2882 huic
1324 2839 1541 2880 auctoritati
1566 2842 1774 2895 propterea
1799 2849 1878 2877 non
1903 2835 2056 2877 multum
2083 2835 2228 2889 tribuo,
2264 2835 2364 2890 quod
