2692 3118
301 513 353 552 N.
382 514 488 552 1562

294 1561 345 1602 N.
373 1561 482 1601 1568

298 2342 350 2382 N.
380 2343 486 2382 1564

297 2661 349 2701 N.
381 2661 489 2701 1565

1322 212 1383 257 16

893 402 965 451 Β.·
1016 404 1099 452 Ad
1144 404 1349 452 titulos
1389 404 1796 452 Boeckhianos.

527 512 681 566 repetiit
702 510 832 549 Leak.
852 510 976 549 Trav.
1005 509 1046 549 in
1071 510 1134 548 the
1160 509 1286 551 north.
1306 509 1375 550 Gr.
1395 510 1471 551 tab.
1487 508 1566 553 XV
1581 523 1619 551 n.
1637 512 1691 550 70
1708 514 1747 550 et
1762 508 1982 551 minusculis
2000 521 2037 551 v.
2055 508 2097 551 Π
2112 523 2149 567 Ρ.
2170 510 2263 553 45⁷.
2290 509 2389 552 Δω-

528 582 669 638 (molto
697 598 734 623 v.
761 588 808 623 2:
843 580 1056 635 Δωροθία
1079 586 1135 622 tit.
1152 583 1274 623 Ross.
1292 583 1443 622 Lebad.
1483 580 1797 636 Διουσκορίὸαν
1828 596 1865 621 v.
1894 586 1923 622 4
1948 595 2018 636 pro
2053 596 2148 623 sano
2179 584 2293 623 habet
2316 583 2386 626 Fs.

526 655 743 709 Graefeus,
771 668 878 711 quem
894 653 945 698 A.
963 654 1163 707 Dieterich
1188 655 1340 711 collega
1365 672 1470 698 meus
1496 656 1588 697 mihi
1611 655 1805 697 indicavit.
1859 656 1928 696 Ille
1953 658 2008 696 ita
2037 658 2130 707 (Die
2146 657 2304 697 Einheit
2321 659 2391 697 der

526 729 939 770 Sanskritdeclination
967 729 1035 769 mit
1059 728 1094 770 d.
1124 728 1271 784 griech.
1292 742 1328 771 ιι.
1349 729 1414 771 lat.
1452 728 1569 770 Erste
1586 727 1701 770 Abth.
1721 726 1779 770 St.
1799 727 2043 784 Petersburg
2062 731 2166 771 184³
2193 744 2231 785 p.
2250 731 2322 783 25)
2338 753 2389 762 -

523 803 909 855 „bemerkenswerth
927 803 1045 843 bleibt
1064 817 1122 854 es,
1151 803 1242 843 dass
1262 804 1312 843 im
1333 802 1610 843 Griechischen
1629 803 1721 843 kein
1738 801 2015 857 vollstandiges
2035 817 2109 851 ους
2127 803 2222 844 oder
2239 817 2297 852 ως
2318 803 2387 845 des

525 876 651 917 Genit.
686 876 755 916 der
787 882 1055 931 sogenannten
1085 879 1176 917 2ten
1206 876 1302 917 oder
1328 876 1643 917 0-Declination
1676 875 1760 916 dem
1794 889 1845 924 ας
1875 876 1943 916 der
1960 875 2281 918 A-Declination
2306 881 2389 918 ent·
2472 910 2479 913 .

526 949 756 1006 sprechend,
797 950 880 991 sich
910 951 1084 991 erhalten
1115 951 1193 1002 hat,
1230 950 1418 992 wabrend
1451 950 1619 990 dieselbe
1647 949 1815 1005 Endung
1845 950 1928 990 sich
1955 951 1996 991 in
2024 950 2093 991 der
2117 952 2211 991 Sten
2235 951 2388 992 Declin.

522 1025 784 1079 unorganisch
804 1024 945 1076 findet,
973 1025 1050 1066 wie
1067 1021 1370 1079 Διουςκορίδα,
1398 1024 1446 1064 Β.
1475 1022 1593 1079 Corp.
1610 1023 1734 1063 Inscr.
1755 1037 1792 1078 Ρ.
1811 1025 1903 1063 722.
1923 1026 1951 1063 6
1969 1024 2020 1076 (3)
2047 1023 2123 1064 und
2140 1025 2180 1064 in
2198 1023 2272 1065 den
2286 1024 2388 1066 Pro-

521 1098 738 1145 nominibus
775 1095 939 1149 ἕμείως,
984 1099 1104 1146 nove
1134 1105 1208 1142 etc.
1251 1099 1432 1153 Apollon.
1467 1098 1502 1138 d.
1523 1098 1644 1137 Pron.
1677 1111 1715 1151 p.
1734 1098 1833 1137 955‘
1885 1097 1949 1137 De
1974 1095 2102 1147 ἒμοῦς
2129 1096 2324 1138 Corinnae
2349 1112 2387 1138 v.

521 1172 620 1213 Ahr.
641 1171 674 1212 Ι.
705 1185 742 1227 p.
762 1173 854 1212 2⁰7.
911 1171 991 1212 Sed
1015 1172 1106 1213 illud
1129 1173 1301 1213 vitiatum
1324 1185 1414 1212 esse
1432 1175 1521 1226 puto
1541 1171 1623 1212 sive
1641 1169 1873 1224 quadratarii
1892 1170 1975 1211 sive
1991 1170 2147 1213 Leakei
2163 1184 2296 1211 errore
2315 1184 2387 1227 pro

524 1245 749 1299 Διοςκουρ.
805 1245 873 1286 Sic
892 1245 1045 1300 Anglus
1064 1260 1101 1286 n.
1122 1248 1239 1289 1594.
1255 1250 1283 1287 8
1305 1245 1408 1285 dedit
1425 1243 1707 1294 ΕΙΡΩΔΙΑΣ,
1744 1244 1808 1283 ubi
1835 1244 1970 1297 reliqui
1996 1245 2090 1294 iota,
2119 1244 2218 1296 quod
2242 1249 2328 1284 ante
2345 1245 2388 1282 Δ

524 1317 737 1374 ponendum
766 1317 940 1370 videtur,
971 1319 1165 1370 omittunt3
1201 1324 1239 1359 et
1265 1317 1310 1360 C.
1335 1317 1372 1358 J.
1400 1331 1437 1356 n.
1456 1318 1547 1356 661.
1575 1317 1602 1355 2
1627 1315 1983 1357 ΔΙΟΥΜΗΔΗΣ.
2045 1316 2386 1357 Dioscuridas

519 1391 783 1430 Athenienses
804 1393 1015 1445 composuit
1031 1392 1186 1446 Papeus
1224 1392 1265 1430 in
1293 1391 1371 1429 lex.
1426 1387 1491 1428 Ad
1517 1401 1554 1428 v.
1572 1389 1600 1427 4
1626 1385 1787 1436 vat'ag
1824 1388 1982 1442 („locus
2013 1389 2052 1430 in
2074 1402 2182 1444 quem
2199 1390 2323 1441 itur“)
2351 1404 2388 1431 v,

520 1462 688 1505 Gieseus
708 1463 839 1506 Ueber
858 1465 894 1506 d.
917 1466 1014 1506 aeol.
1033 1466 1137 1505 Dial.
1157 1480 1195 1518 p.
1212 1466 1307 1513 292,
1337 1468 1376 1502 et
1401 1462 1501 1501 idem
1529 1461 1576 1500 ad
1600 1459 1854 1500 Γισοτελίαν
1881 1475 1917 1501 v.
1936 1465 1976 1501 5.
2002 1476 2039 1516 Ρ.
2059 1466 2152 1503 8⁰2.

524 1573 551 1599 a
578 1563 641 1598 est
665 1558 764 1614 apud
789 1558 920 1598 Leak.
948 1572 985 1614 p.
1004 1555 1102 1601 XIV
1118 1572 1156 1600 n.
1173 1559 1243 1609 6⁰,
1270 1556 1391 1598 initiis
1417 1561 1541 1597 tamen
1564 1568 1743 1596 versuum
1770 1555 1882 1610 paulo
1912 1556 2024 1597 aliter
2050 1546 2248 1612 dispositis
2277 1572 2384 1612 quam

525 1635 614 1674 sunt
635 1631 678 1673 in
697 1630 875 1688 Corpore
891 1630 1039 1673 Inscr.:

712 1726 1049 1769 ΣᾹΡΧΟΝΤΟΣ

679 1802 1050 1854 ΟΥΡΡΑΝΔΡΟΣ
1203 1800 1252 1844 V.
1281 1803 1309 1843 8
1347 1799 1477 1843 Leak.
1511 1802 1879 1851 ῙΕΡΟΚΛΕΙΟΣ,
1926 1801 1996 1844 sed
2027 1816 2119 1845 usus
2150 1800 2384 1846 Boeotorum

676 1878 1060 1915 EYEPI'ETAN
1207 1878 1368 1930 requirit
1398 1879 1508 1929 JAP,
1541 1877 1640 1931 quod
1670 1877 1895 1918 Boeckhius
1927 1876 2053 1930 dedit,
2094 1890 2131 1918 v.
2162 1876 2331 1920 Ahrens.
2363 1875 2384 1919 1

586 1950 1044 1991 ΤΟΝΚΗΕΣΓΟΝΩΣ
1200 1966 1237 2005 p.
1269 1954 1369 2000 1⁷83
1412 1965 1483 1991 nec
1520 1957 1582 1991 est
1619 1951 1815 2006 quidquam
1852 1953 2078 1992 confusione
2115 1952 2384 1994 elementorum

658 2026 899 2066 AIANKH
1198 2027 1241 2066 Ε
1255 2031 1293 2066 et
1311 2028 1353 2065 A
1379 2026 1629 2079 frequentius.
1684 2027 1858 2066 Frustuli
1885 2029 1909 2065 h
1933 2040 2071 2066 versus
2101 2030 2124 2065 1
2151 2040 2231 2066 non
2259 2032 2320 2066 est
2343 2029 2385 2067 in

577 2099 839 2139 AJ'ANKH
1190 2099 1347 2141 Leakei
1379 2100 1564 2155 exemplo.
1626 2098 1674 2140 In
1703 2099 1836 2141 eodem
1866 2114 1903 2141 v.
1928 2103 1954 2141 2
1979 2100 2108 2140 littera
2129 2104 2178 2139 A
2204 2114 2320 2155 super
2345 2103 2389 2140 Ε

686 2174 956 2214 ΕΡΓΕΤΗΣ
1195 2174 1332 2216 initiali
1360 2187 1396 2215 v·
1422 2175 1450 2215 8
1482 2174 1610 2231 posita
1636 2174 1817 2216 cernitur.
1880 2173 1927 2216 Iu
1952 2188 1974 2216 e
1998 2173 2185 2216 Leakeus
2212 2174 2319 2231 prius
2344 2176 2389 2217 E

517 2262 553 2288 v.
571 2250 598 2287 2
625 2261 704 2288 ιιοιι
727 2249 858 2299 hahet,
885 2263 957 2288 nec
975 2249 995 2288 l
1023 2250 1064 2288 in
1090 2249 1164 2291 fine
1184 2262 1220 2288 v.
1240 2252 1279 2288 4.
1334 2249 1563 2288 Minusculis
1590 2248 1694 2288 dedit
1721 2262 1759 2288 n.
1779 2263 1805 2287 a
1823 2253 1862 2287 et
1877 2250 1901 2287 b
1928 2254 2017 2287 tom.
2036 2247 2088 2287 H.
2116 2261 2153 2304 p.
2174 2250 2267 2289 447.

521 2343 718 2383 minuscul.
746 2357 806 2397 ap.
833 2344 965 2383 Leak.
986 2344 1027 2382 Π
1052 2357 1090 2397 p.
1116 2346 1206 2383 631.
1261 2343 1310 2383 V.
1329 2346 1355 2380 2
1387 2343 1524 2397 lapidis
1557 2343 1785 2398 scripturam
1813 2339 1986 2394 τιούχαν
2015 2342 2213 2384 tenendam
2242 2343 2382 2396 fuisse,

518 2414 736 2459 Ahrensius
755 2417 884 2459 docuit
900 2418 941 2458 II
967 2433 1005 2472 p.
1021 2421 1112 2459 519.
1166 2419 1272 2458 Idem
1289 2432 1326 2457 v.
1344 2420 1372 2455 4
1389 2423 1509 2467 recte,
1538 2419 1689 2471 opinor,
1721 2419 1879 2472 scripsit
1899 2414 2113 2470 Ἁγέδικος
2136 2419 2182 2468 (i.
2203 2431 2237 2457 e.
2257 2414 2383 2471 ‘Hyry-

520 2485 683 2539 σι’δικος
708 2490 824 2548 Pap.)
852 2491 872 2532 I
898 2506 936 2548 p.
965 2492 1056 2533 182.
1111 2491 1174 2534 Ad
1198 2488 1401 2545 Δαφίταο
1430 2491 1532 2534 conf.
1561 2491 1664 2534 Lud.
1691 2492 1873 2533 Dindorf.
1900 2493 1941 2533 in
1970 2492 2104 2547 Steph.
2134 2492 2259 2532 Thes.
2287 2492 2380 2532 Par.

521 2563 574 2604 II.
599 2566 638 2604 8.
665 2567 745 2605 919
772 2565 819 2608 C.

526 2659 575 2701 V.
595 2663 622 2700 2
650 2656 767 2709 ἔδοξε
793 2663 854 2716 τῷ
882 2658 1003 2716 δάμῳ
1032 2675 1086 2702 sc.
1115 2662 1328 2708 Βοιωτῶν,
1360 2661 1533 2705 Boeckh.
1561 2677 1597 2719 p.
1624 2664 1717 2704 738.
1745 2663 1791 2704 b:
1829 2663 1886 2704 tit.
1916 2676 1977 2719 ap.
2007 2661 2174 2704 Ulriehs.
2199 2658 2320 2717 pj48
2349 2676 2380 2703 s.

523 2733 725 2775 Welcker.
755 2735 858 2777 Mus.
886 2737 1013 2777 Rhen.
1043 2739 1147 2778 1842
1174 2752 1211 2793 p.
1241 2739 1322 2777 213
1345 2751 1382 2776 ιι.
1404 2739 1457 2776 22
1485 2736 1608 2787 πεζοὶ
1635 2734 1672 2778 δ’
1704 2735 1864 2792 ἱππῆές
1889 2751 1936 2777 τε
1964 2735 2088 2791 γέρας
2115 2733 2269 2783 θέσαν,
2311 2730 2385 2784 οὓς

523 2806 731 2862 προέηκεν
747 2810 765 2862 Η
785 2809 918 2862 δᾶμος
945 2806 968 2851 ὅ
993 2811 1195 2852 Βοιωτῶν
1222 2834 1286 2851 -.
1342 2809 1391 2851 V.
1411 2813 1462 2850 12
1480 2813 1627 2852 conieci
1652 2809 1911 2862 Τιμομ[ει’λω
1932 2811 2046 2851 Anal.
2065 2810 2205 2864 Epigr.
2221 2824 2258 2865 p.
2280 2813 2382 2859 1463
