2692 3118
1204 211 1266 259 25

419 373 458 401 n.
485 362 539 400 33
567 359 621 411 (n.
641 358 716 410 XI)
740 354 1021 409 'oncbvsdoem
1052 357 1098 398 de
1127 370 1199 411 qno
1225 358 1326 398 infra
1354 371 1481 413 agam,
1509 354 1734 406 Κλεώνδας
1760 358 1870 399 Cnrt.
1897 357 1952 400 A.
1979 357 2030 396 D.
2058 371 2096 396 n.
2123 359 2192 408 40,
2220 360 2269 407 43

418 433 567 474 Kraus.
595 432 631 472 d.
661 432 797 486 Gymn.
827 446 864 471 u.
892 431 1024 485 Agon.
1059 444 1096 485 p.
1124 433 1216 470 781.
1287 432 1368 472 Nec
1403 444 1564 486 prorsus
1601 446 1660 471 me
1699 429 1883 472 assentiri
1908 431 2122 480 Ahrensio,
2163 432 2227 483 qui
2251 431 2272 470 1

417 519 457 562 p.
485 508 566 546 214
591 507 716 546 rarius
747 505 887 546 similia
924 504 1023 559 apud
1058 505 1154 544 alios
1184 504 1353 545 Graecos
1391 505 1556 560 reperiri
1591 505 1769 555 affirmat,
1810 505 2057 558 significasse
2085 504 2147 543 hic
2175 505 2270 544 satis

419 580 556 621 habeo.
606 579 655 623 V.
676 583 729 620 18
758 581 798 617 T
794 574 1043 627 ανακώνιοςε
1081 579 1258 619 Lobeck.
1286 580 1492 633 Patholog.
1522 593 1558 633 p.
1578 581 1669 619 521.
1725 577 1774 620 V.
1792 581 1844 618 19
1871 579 1906 618 si
1931 579 2069 618 lacuna
2096 582 2272 619 accurate

414 658 550 694 <notata
577 649 639 693 est
666 654 750 692 KA
775 653 923 703 ῙΗΟΣ,
960 653 1077 692 fuerit
1103 654 1230 708 potius
1256 654 1450 707 Χαριῆος
1476 665 1585 706 quam
1612 651 1841 705 Καλλιῆος.
1894 651 1944 694 V.
1972 654 2022 691 21
2052 651 2272 692 Ahrensius

418 726 441 766 I
466 741 504 782 p.
535 730 612 766 170
637 727 776 766 mavult
802 722 1021 779 Εὗδήμων.
1076 726 1125 768 V.
1146 729 1200 765 23
1225 722 1422 774 Εὖίστιος
1448 739 1535 765 num
1564 740 1695 765 sanum
1724 727 1776 765 sit
1804 725 1945 765 dubito.
2001 725 2050 767 V.
2068 729 2122 765 26
2144 721 2273 775 Ἀμι-

419 797 544 839 νὶωνῖ
585 805 625 838 ut
649 814 687 838 n.
715 799 787 838 111.
815 801 870 837 34
909 796 1196 846 Καλλιώνδας.
1276 800 1324 841 V.
1353 804 1406 839 27
1444 799 1639 837 ΚΛΙΩΝ
1725 799 1836 837 ΩΡΟ
1916 798 2085 837 ΩΡΙΟΣ
2128 796 2273 837 Κλίων

415 866 774 926 ’Ᾱσωποὸιίριος,
813 871 859 912 de
894 885 965 926 quo
1001 874 1153 914 nomine
1181 872 1340 914 Boeotis
1378 887 1457 914 non
1491 872 1723 926 infrequenti
1760 886 1796 913 v.
1825 872 1948 927 Pape.
2012 871 2061 915 V.
2089 873 2143 911 28
2176 872 2274 912 Ms-

417 941 599 998 λάμβιος
634 946 734 986 tueri
762 950 922 986 conatus
949 960 1031 993 snm
1058 946 1171 987 Anal.
1200 947 1335 1002 Epigr.
1363 960 1401 1002 p.
1430 949 1508 987 2⁰1
1539 946 1624 985 coll.
1653 946 1792 999 Polyb.
1820 945 1969 987 XVIII.
1997 947 2039 996 8,
2067 946 2095 984 5
2121 942 2197 985 ἐπὶ
2223 942 2272 984 τὸ

420 1015 676 1069 Μελάμβιον
703 1015 1114 1072 προςαγορευόμενον
1140 1021 1214 1073 τῆς
1235 1017 1494 1074 Φαρσαλίας.
1547 1019 1737 1058 Fortasse
1766 1024 1892 1057 tamen
1910 1014 2165 1064 ΖΙΙελάνθιος
2186 1018 2271 1058 fuit.

417 1091 467 1134 V.
494 1096 548 1132 82
573 1088 851 1145 Εὗφαμίδαςε
880 1088 992 1145 Εὗφ.
1020 1090 1204 1147 Πούῤῥω
1232 1100 1292 1133 est
1317 1095 1357 1133 in
1385 1094 1492 1133 titulo
1515 1092 1638 1133 Curtii
1662 1093 1763 1132 ined.
1787 1093 1964 1132 Orchom.
1992 1091 2090 1131 Ibid.
2119 1093 2272 1131 Σιανο-

415 1163 556 1221 ρι’δαο,
584 1165 630 1206 de
658 1166 832 1219 quoiam
858 1166 1075 1207 Abrensius
1103 1167 1123 1207 1
1149 1182 1186 1222 p.
1216 1169 1296 1207 173
1323 1167 1528 1218 dubitabat,
1557 1167 1597 1207 in
1624 1161 1893 1221 Εἰανορίδαο
1921 1164 2137 1206 mutandum
2165 1163 2271 1205 vide·

416 1244 490 1278 tur.
554 1238 806 1292 Cognominis
837 1239 1048 1279 Thebanus
1086 1245 1147 1279 est
1172 1255 1209 1279 n.
1241 1243 1355 1280 1652.
1385 1245 1424 1280 4.
1448 1270 1451 1273 s
1505 1239 1556 1280 V.
1584 1243 1638 1279 30
1676 1235 1961 1293 Ξενοκράτιος
1987 1239 2159 1277 Ahrens.
2187 1238 2207 1276 I
2233 1253 2270 1292 p.

417 1315 509 1365 190,
537 1313 628 1353 285.
678 1311 726 1356 V.
745 1314 796 1353 31
830 1310 1132 1368 Τηλιδωρ[ί]ων
1157 1314 1249 1355 mihi
1275 1318 1315 1355 ut
1330 1314 1527 1355 Ahrensio
1546 1312 1566 1353 I
1593 1327 1631 1369 p.
1653 1314 1732 1354 185
1760 1318 1978 1369 suspectum
2006 1317 2079 1353 est.
2135 1311 2184 1354 V.
2203 1313 2268 1353 33.

417 1386 750 1426 ΑΡΓΟΥΝΙΩΝ
781 1388 852 1425 ΝΙ
895 1387 1117 1426 ΣΝΙΔΛΟ
1145 1402 1154 1425 2
1180 1382 1504 1440 ’Λντιγενίδαοῖ
1548 1387 1643 1427 Cum
1667 1383 1918 1441 Ἀργοννίων
1935 1387 2115 1427 conferas
2134 1399 2272 1426 nomen

404 1453 642 1511 Ἄργυννος,
680 1458 779 1510 qnod
805 1458 977 1497 Boeotus
1007 1460 1133 1511 gessit
1159 1460 1204 1497 ab
1232 1460 1518 1511 Agamemnone
1547 1468 1709 1511 amatus,
1740 1473 1777 1499 v.
1809 1459 1993 1514 Stephan.
2021 1459 2121 1513 Byz.
2153 1473 2186 1499 s.
2215 1472 2269 1510 v.,

417 1531 614 1571 Plutarch.
644 1529 766 1585 Gryll.
794 1533 836 1582 ἵ,
863 1530 1006 1571 Athen.
1033 1529 1145 1570 XIII.
1174 1532 1264 1570 603.
1291 1530 1343 1571 D.

199 1661 250 1702 N.
280 1660 384 1701 1⁵7⁵
422 1659 611 1701 Leakeus
640 1660 715 1700 tab.
744 1658 802 1703 VI
827 1674 865 1700 n.
893 1661 947 1700 30
972 1658 1077 1712 (coll.
1105 1659 1147 1700 11
1172 1674 1209 1714 p.
1236 1660 1330 1711 132)
1357 1673 1496 1700 versus
1525 1660 1648 1698 1-3
1677 1657 1801 1698 dedit:
1871 1634 1896 1638 Μ

596 1751 874 1793 ΧΛΡΟΠῙΝ
871 1753 1037 1792 ΩΛΡΧ
1039 1752 1118 1792 ΟΝ
1120 1754 1159 1790 Τ
1161 1752 1232 1791 ΟΣ
1235 1754 1267 1791 Β
1273 1751 1370 1798 ΟΙΩ
1376 1745 1777 1791 ΤΟΙΣΛΕΒΛΔΕΙ
1783 1780 1792 1790 .
1817 1750 2073 1792 ΟΙΣΔΕΚΑ

602 1825 818 1866 ΟΤΤΙΟΣ
856 1825 1465 1866 ΙΙΜΤΙΓΕΤΙΕΣΛΠΕΓΡΛ
1472 1823 1678 1865 ΨΛΝΤΟ

596 1899 664 1938 ΔΙ
667 1899 747 1937 ΟΝ
751 1901 818 1936 ΥΣ
821 1899 1049 1937 ΟΔΩΡΟΣ

597 1977 637 2013 et
662 1986 698 2013 V.
730 1974 782 2012 14
812 1973 887 2012 ΘΕ
892 1971 967 2011 ΟΔ
974 1969 1439 2012 ΟΤΟΣΙΠΠΣΑΡΧΟΣ.

414 2081 467 2120 L.
497 2077 683 2133 Stephani
708 2091 818 2128 vero,
847 2078 910 2130 qui
936 2078 1223 2132 inscriptionem
1250 2076 1386 2116 editam
1415 2088 1505 2115 esse
1533 2076 1739 2129 ignorabat
1767 2077 1820 2131 (p.
1848 2077 1935 2128 69),
1965 2088 2074 2129 quum
2103 2077 2269 2117 sarcinis

415 2155 490 2194 iam
517 2152 686 2193 collectis
715 2155 832 2191 totam
859 2165 935 2191 non
962 2157 1097 2206 posset
1124 2151 1394 2200 transcribere,
1423 2149 1519 2189 haec
1538 2154 1712 2203 tanquam
1728 2150 1874 2189 initium
1890 2154 1928 2189 et
1943 2149 2053 2190 finem
2073 2151 2269 2191 exhibuit:

596 2246 743 2286 AEIH
744 2246 924 2284 ΟΙΣΗΝ
921 2246 958 2284 Ε
960 2246 1031 2284 ΤΟ
1056 2246 1148 2284 ΠΛ
1371 2244 1867 2290 ΟΠΙΝΩΛΡΧΟΝΤΟΣ

703 2320 762 2357 ΣΙ
763 2321 928 2358 ΟΛΡΙΣ
930 2319 1049 2357 ΤΩΝ
1051 2320 1160 2358 ΦΙΛ
1163 2319 1312 2358 ΟΚΡΑ
1316 2319 1375 2355 TI
1376 2320 1446 2357 ΟΣ
1461 2348 1472 2358 .

416 2417 602 2472 Apertum
627 2418 714 2465 est,
751 2414 792 2454 in
818 2426 933 2454 versu
969 2413 1090 2468 primo
1119 2414 1304 2455 turbatum
1331 2426 1445 2463 esse3
1486 2425 1573 2453 nam
1600 2412 1661 2465 is,
1704 2411 1802 2466 quod
1838 2425 1888 2454 ex
1917 2411 2004 2453 aliis
2033 2412 2270 2469 apographis

421 2493 587 2540 constat,
614 2488 748 2542 incipit
774 2501 799 2526 a
825 2484 1059 2540 Χαροπίνω
1088 2482 1306 2541 ἔρχοντος,
1345 2486 1488 2526 desinit
1514 2487 1554 2526 in
1580 2484 1872 2540 Λεβαδειήοις
1898 2486 1945 2526 δὲ
1970 2488 2041 2525 Κα
2067 2507 2107 2525 -.
2186 2487 2271 2526 Nec

415 2563 544 2614 video,
573 2561 755 2615 quomodo
785 2560 969 2600 elementa
995 2560 1194 2600 ΗΝΕΤΟ
1220 2563 1305 2600 ΠΛ
1330 2573 1414 2600 cum
1440 2560 1596 2600 Leakei
1623 2559 1803 2600 Wheleri
1831 2565 1871 2600 et
1895 2560 2085 2600 Koehleri
2111 2560 2271 2599 ΔΕΚΑ

418 2637 502 2679 sive
530 2635 668 2692 Sponii
702 2633 854 2676 ΔΕΣΑ
889 2632 1086 2675 conciliari
1122 2638 1282 2689 queant,
1317 2633 1395 2675 nisi
1435 2634 1504 2675 To
1538 2633 1638 2675 falso
1676 2648 1725 2675 ex
1760 2633 1836 2675 fine
1866 2647 1904 2675 v.
1933 2635 1959 2675 2
1987 2632 2036 2674 ad
2062 2633 2221 2688 primum
2248 2647 2271 2674 a

415 2709 625 2768 Stephanio
652 2709 810 2752 relatum
837 2721 926 2750 esse
955 2721 1107 2751 censes.
1164 2707 1257 2751 Utut
1283 2712 1356 2762 est,
1383 2720 1462 2750 non
1489 2721 1646 2765 possum
1674 2708 1763 2765 quin
1780 2708 1947 2750 lectores
1966 2719 2154 2761 moneam,
2183 2707 2269 2749 Ste-

415 2785 614 2843 phanium,
643 2796 750 2839 quem
777 2784 823 2823 ab
852 2783 1121 2840 archaeologis
1149 2783 1260 2824 valde
1286 2783 1443 2839 probari
1470 2783 1582 2835 audio
1611 2783 1791 2838 cuiusque
1817 2783 2054 2823 itinerarium
2081 2783 2165 2838 ipse
2191 2794 2270 2821 non

415 2861 500 2901 sine
528 2861 653 2901 fructu
679 2864 721 2900 et
745 2859 938 2914 voluptate
964 2859 1069 2913 legi,
1103 2860 1145 2899 in
1172 2857 1433 2899 describendis
1462 2859 1582 2899 titulis
1608 2859 1671 2898 hic
1697 2859 1777 2898 illic
1800 2858 1952 2913 lapsum
1979 2869 2084 2908 esse,
2123 2856 2269 2895 scilicet

1944 2932 1973 2971 5
