2692 3118
1305 134 1363 180 13

294 284 404 327 Tres
438 287 562 326 autem
598 282 850 325 tantummodo
885 282 1150 341 polemarchos
1189 285 1337 337 fuisse,
1371 298 1422 326 ex
1447 285 1521 324 hoc
1548 282 1655 324 titulo
1693 265 1864 338 apertum
1892 286 1965 322 est.
2018 280 2100 321 Iam
2126 293 2236 334 quum
2263 280 2377 320 iidem

291 360 465 401 homines
501 359 637 399 iterum
671 358 713 397 in
748 357 871 398 altera
904 358 1155 413 inscriptione
1194 359 1403 399 habeantur
1427 373 1465 400 v.
1495 361 1551 398 20
1586 358 1767 397 archonte
1804 355 2083 405 Caraicho,
2118 367 2156 393 v.
2185 357 2208 393 1
2248 361 2372 393 autem

292 433 438 475 archon
465 433 517 472 sit
542 454 595 462 —-
611 426 787 486 ρῶνδας,
815 435 881 470 aut
905 430 1178 486 Antigenidas,
1208 431 1495 489 Caphisodorus
1524 436 1564 471 et
1579 431 1817 471 Timomelus
1845 444 1917 484 per
1943 427 2161 483 complures
2189 426 2371 498 deinceps

291 519 413 546 annos
440 506 672 560 polemarchi
696 506 875 554 fuerunt,
913 504 1012 557 quod
1038 509 1163 545 tamen
1188 520 1320 560 parum
1357 513 1416 547 est
1451 505 1657 555 credibile,
1693 509 1758 544 aut
1792 504 1906 561 novis
1942 503 2040 542 alius
2077 501 2169 541 anni
2206 500 2370 540 comitiis

290 578 404 621 iidem
426 578 562 620 iterum
589 578 710 619 creati
736 580 839 630 sunt,
868 582 932 618 aut
956 577 1095 619 mentio
1124 579 1319 620 archontis
1349 575 1563 635 -ρώνδαο
1590 577 1685 618 nihil
1712 589 1907 617 commune
1934 574 2051 615 habet
2078 587 2162 615 cum
2190 585 2291 614 anno
2321 585 2369 614 eo

291 666 388 708 quo,
423 653 605 694 archonte
634 651 847 704 Caraicho‚
881 650 1139 707 Antigenidas
1176 667 1260 694 cum
1296 654 1456 709 collegis
1483 666 1640 694 munere
1666 652 1819 692 functus
1848 654 1932 702 est,
1972 649 2092 689 semel
2119 649 2274 689 omnino
2303 648 2369 688 ille

287 726 552 783 polemarchus
580 726 717 766 factus.
771 725 905 766 Rebus
933 727 1164 781 pecuniariis
1191 727 1453 783 polemarchos
1482 727 1674 767 immixtos
1702 726 1841 776 fuisse,
1869 724 2094 763 Boeckhius
2123 722 2256 762 docuit
2283 736 2319 761 v.
2351 721 2372 760 1

288 814 326 857 p.
344 802 438 841 ⁸58⁰.
465 800 520 840 b.¹
556 799 637 842 V5
664 795 797 855 οὗπέρ
826 800 983 855 scripsit
1006 801 1177 841 Ahrens.
1204 802 1246 842 ΙΙ
1271 816 1308 858 p.
1327 804 1417 842 520.
1471 801 1522 844 V.
1549 804 1578 841 6
1603 813 1742 840 nomen
1768 797 2117 853 Antigenidae
2145 797 2186 837 in
2203 796 2373 836 Boeotia

292 875 531 928 potissimum
558 875 712 915 tibicine
738 875 923 927 Dionysii
956 875 1035 915 filio
1071 876 1248 917 inclaruit
1274 891 1310 917 v·
1338 877 1510 917 Meinek.
1539 875 1700 929 Fragm.
1731 872 1840 914 Com.
1868 872 1929 912 m
1956 887 1994 927 p.
2024 873 2213 912 leo—7.
2268 869 2318 912 V.
2343 872 2372 911 ἵ

279 941 564 1003 Ἀρίστωνοςι
591 961 630 987 ιι.
657 946 698 987 H
725 950 790 999 lo,
821 946 924 991 C-J.
950 962 988 989 ιι.
1019 950 1135 990 1509.
1163 949 1200 990 b.
1230 952 1253 990 1
1280 964 1318 1005 p.
1345 951 1437 991 746.
1464 950 1489 990 b
1517 947 1712 999 Orchom„
1740 961 1778 988 n.
1809 946 1927 987 1575.
1955 947 2023 997 10,
2051 945 2104 985 15
2131 948 2171 984 et
2197 944 2369 984 fortasse

288 1035 328 1063 n.
357 1022 474 1062 1588.
501 1023 529 1062 3
553 1019 719 1073 Lebad.,
747 1035 785 1062 n.
814 1022 932 1063 1593.
958 1024 987 1062 9
1003 1022 1154 1079 Thesp.
1181 1037 1220 1064 ιι.
1250 1025 1369 1076 1596,
1398 1026 1421 1063 1
1452 1021 1647 1064 Chaeron.
1686 1021 1768 1074 (ubi
1796 1026 1923 1061 tamen
1944 1032 2084 1059 novum
2109 1018 2250 1058 Rossii
2278 1030 2370 1072 apo·

287 1095 473 1150 graphum
498 1094 771 1134 ΑΡΙΣΤΙΩΝ
792 1095 940 1147 habet),
975 1096 1106 1136 Leak.
1133 1110 1172 1136 n.
1193 1098 1249 1136 48
1274 1097 1426 1139 tab.XI
1452 1096 1664 1151 Acraeph.,
1692 1095 1792 1134 tituli
1819 1094 1987 1149 sepulcr.
2014 1093 2117 1132 ined.
2143 1092 2267 1132 Ross.
2296 1090 2370 1131 duo

288 1168 433 1220 (Leak.
449 1168 491 1208 Π
516 1181 554 1223 p.
582 1170 676 1219 134)
705 1166 866 1220 Coton„
895 1167 1004 1209 Curt.
1030 1169 1179 1209 Anecd.
1206 1170 1345 1225 Delph.
1373 1184 1411 1210 n.
1436 1173 1506 1221 42,
1532 1172 1562 1208 4
1587 1169 1726 1209 Boeot.
1781 1167 1832 1210 V.
1859 1171 1888 1206 8
1913 1167 2080 1207 nominis
2112 1161 2369 1216 Τιμόμειλος

286 1242 345 1295 (ιι.
371 1242 425 1283 Π.
454 1243 523 1293 12)
561 1242 718 1282 alteram
750 1247 898 1297 partem
933 1256 1024 1283 esse
1060 1257 1193 1283 vocem
1228 1243 1363 1297 μῆλον
1401 1244 1557 1295 (Boeot.
1584 1242 1754 1294 μεῖλον,
1792 1241 1892 1296 quod
1918 1241 2105 1282 Doricum
2141 1245 2203 1281 est
2237 1237 2371 1293 μῆλον

284 1315 384 1356 Abr.
410 1314 463 1356 Π.
490 1329 527 1370 p.
547 1314 638 1356 145.
665 1316 694 1355 7
719 1328 756 1370 p.
778 1315 878 1367 153)
900 1314 1124 1356 Boeckhius
1152 1315 1326 1356 voluerat
1352 1330 1388 1357 v.
1405 1316 1437 1357 Ι.
1465 1330 1502 1371 p.
1530 1317 1622 1356 744.
1652 1316 1690 1367 b,
1717 1317 1808 1356 745.
1855 1328 1879 1356 a
1906 1319 1945 1355 et
1970 1319 2061 1370 post
2087 1327 2171 1354 eum
2197 1313 2370 1354 Ahrens.

282 1388 304 1430 1
329 1401 368 1445 Ρ.
396 1391 497 1440 184,
532 1387 724 1428 Franzius
753 1387 875 1427 Elem.
903 1387 1041 1443 Epigr.
1077 1374 1147 1427 Gr.
1173 1402 1211 1443 Ρ.
1239 1392 1318 1429 19Ί
1354 1394 1393 1428 et
1417 1390 1574 1445 Papeus
1607 1389 1711 1429 Lex.
1739 1389 1852 1428 Nom.
1879 1389 1954 1429 Pr.
1977 1402 2015 1443 p.
2043 1390 2109 1427 22.
2139 1401 2174 1427 a.
2238 1387 2367 1440 Atque

287 1462 458 1501 eiusdem
486 1461 650 1514 originis
679 1460 903 1499 videbantur
931 1474 1020 1499 esse
1046 1455 1258 1509 Εἷῖμειλος
1283 1476 1321 1499 n.
1341 1463 1456 1500 1509.
1485 1476 1519 1500 a.
1560 1462 1592 1500 1.
1621 1463 1854 1502 2⁴0rchom.
1884 1463 1967 1501 sive
1995 1456 2191 1512 Εὔμηλος
2218 1460 2367 1500 Coron-

287 1550 348 1591 ap.
375 1535 496 1577 Ross.
523 1534 544 1575 1
571 1548 609 1574 n.
638 1536 705 1575 86.
732 1536 760 1575 3
787 1527 1063 1587 (minumae
1080 1528 1356 1589 'onopte‘vtog
1380 1549 1419 1576 n.
1449 1535 1566 1576 1593.
1596 1536 1662 1586 18,
1693 1532 1763 1575 sed
1788 1533 1902 1575 lectio
1931 1538 1993 1574 est
2019 1532 2164 1586 dubia),
2205 1529 2367 1574 Καλλί·

283 1607 417 1667 μηλος
444 1607 572 1650 Theb.
602 1606 648 1650 C.
676 1606 717 1653 J.
744 1622 782 1650 n.
813 1609 929 1650 1584.
956 1608 1021 1649 39.
1050 1608 1118 1662 43,
1146 1604 1441 1661 Μνασίμειλος
1465 1606 1617 1648 Lebad.
1645 1621 1684 1648 n.
1714 1609 1832 1648 1575.
1860 1610 1888 1648 8
1915 1604 2216 1663 (Μνασίμηλος
2240 1607 2361 1648 Ross.

288 1697 328 1725 n.
355 1685 422 1724 75.
449 1685 478 1723 7
505 1682 672 1736 Stiride)
703 1680 939 1734 Σαύμειλος
964 1683 1016 1722 ib.
1045 1685 1096 1721 12
1124 1683 1241 1733 (Ahr.
1259 1683 1291 1722 1.
1319 1683 1431 1733 202),
1462 1678 1727 1736 Φιλόμειλος·
1744 1683 1848 1721 infra
1874 1696 1911 1722 v.
1942 1686 1994 1721 10
2021 1687 2060 1721 et
2088 1684 2140 1720 15
2167 1695 2200 1722 s.
2233 1679 2367 1722 Φιλό-

281 1757 414 1811 μηλος
438 1772 476 1799 ιι.
505 1759 623 1797 1510.
651 1758 687 1797 b.
713 1759 782 1808 32,
827 1758 863 1797 si
890 1757 1038 1810 quidem
1065 1771 1111 1797 eo
1138 1757 1224 1797 loco
1250 1757 1438 1797 Boeotum
1464 1757 1630 1811 intelligi
1655 1757 1852 1811 probabile
1880 1761 1953 1797 est.
2006 1757 2091 1796 Nec
2119 1757 2245 1797 aliena
2273 1771 2366 1798 esse

284 1845 361 1887 ego
389 1845 473 1871 cum
499 1818 619 1882 viris,
658 1843 753 1884 quos
788 1829 962 1881 laudavi,
1001 1830 1204 1885 opinabar:
1253 1825 1430 1884 Πάρνων
1451 1843 1489 1871 ιι.
1520 1830 1638 1870 1509.
1668 1843 1703 1870 a.
1731 1829 1785 1873 11.
1815 1832 1867 1869 14
1894 1829 2089 1883 Orchom.,
2113 1825 2366 1885 Ἀρνοκλεῖς

282 1920 323 1946 ιι.
352 1906 469 1946 1593.
495 1907 539 1956 8,
567 1918 677 1958 quam
704 1905 930 1959 scripturam
955 1905 1146 1959 integram
1174 1918 1265 1944 esse
1294 1917 1362 1944 suo
1389 1904 1475 1943 loco
1505 1903 1717 1955 ostendam,
1745 1902 1854 1952 Ζεὺς
1869 1901 2037 1955 μειλίας
2062 1904 2127 1945 vel
2150 1902 2366 1955 μειλίχιος

191 2043 193 2045 q
282 1980 310 2021 i.
338 1993 373 2020 e.
400 1975 539 2032 μηλίχ.
569 1977 745 2019 Boeckh.
772 1978 793 2019 I
820 1993 857 2033 Ρ.
883 1981 977 2020 Ί40.
1007 1993 1044 2030 a,
1071 1978 1241 2020 Abrens.
1269 1978 1290 2019 I
1323 1993 1360 2033 p.
1390 1978 1480 2030 185,
1512 1977 1670 2033 (Apollo
1699 1974 1897 2027 Μαλόεις
1930 1978 2104 2020 Meinek.
2141 1978 2294 2021 Delect.
2323 1993 2362 2035 p.

284 2055 378 2105 151,
406 2053 518 2092 aliter
542 2052 640 2092 Abr.
668 2051 709 2091 11
734 2066 771 2106 p.
799 2053 915 2104 507),
951 2048 1192 2107 ΙΠηλόβιος,
1220 2048 1468 2105 Πασίμηλος
1502 2051 1697 2103 (Lobeck.
1725 2052 1879 2093 Pathol.
1906 2067 1944 2108 p.
1974 2056 2053 2093 110
2079 2068 2117 2094 ιι.
2149 2055 2233 2105 11),
2269 2049 2366 2094 Πά-

286 2138 451 2174 σιππος
490 2125 622 2181 (Pap.)
664 2139 687 2166 a
726 2125 844 2167 verbo
887 2121 1070 2179 πάομαι,
1114 2120 1334 2176 Εὔιππος,
1376 2121 1655 2176 Κάλλιππος,
1698 2122 1967 2174 Μνάσιππος
2003 2140 2036 2167 s.
2074 2122 2359 2181 Μνήσιππος,

283 2197 501 2254 Κλεΐππη,
530 2197 812 2255 Κλεϊππίδης,
843 2196 1094 2253 Ζώσιππος,
1121 2215 1170 2241 ne
1198 2200 1245 2242 de
1274 2202 1420 2242 ovibu
1435 2215 1454 2242 s
1482 2201 1671 2243 Boeotiae
1699 2201 1814 2241 multa
1841 2200 1963 2241 dicam
1989 2200 2079 2242 inde
2109 2202 2156 2242 ab
2184 2200 2363 2242 Hesiodo

282 2274 407 2315 notis:
448 2269 592 2327 μήλων
626 2269 727 2314 ἕνεκ’
761 2270 1018 2321 Οἰδιπόδαο,
1058 2273 1105 2315 C.
1134 2274 1172 2315 J.
1209 2289 1247 2315 n.
1275 2278 1392 2316 1509.
1417 2277 1495 2326 39,
1532 2275 1677 2315 Kruse.
1704 2275 1806 2315 Hell.
1834 2275 1886 2315 Π.
1916 2278 1953 2315 1.
1980 2277 2076 2316 515.
2109 2263 2113 2269 Χ
2141 2274 2224 2316 Sed
2251 2276 2365 2316 aliter

282 2347 522 2389 Welckerus·
548 2348 653 2400 (Der
677 2349 833 2403 epische
863 2347 1007 2403 Cyclus
1034 2362 1073 2404 Ρ.
1098 2347 1181 2390 274
1206 2354 1285 2391 not.
1313 2351 1424 2402 443),
1459 2351 1523 2404 qui
1548 2351 1590 2391 in
1615 2351 1828 2391 nominibus
1856 2342 2056 2404 Εὔμηλος
2090 2351 2211 2406 (poet.
2241 2350 2365 2406 epic.;

281 2427 360 2479 pat.
387 2422 640 2474 Anacreont.,
678 2421 774 2463 adde
802 2423 989 2464 citharist.
1016 2423 1182 2465 Lucian.
1211 2424 1297 2466 adv.
1324 2424 1463 2483 indoct.
1490 2425 1574 2478 Χ),
1610 2422 1882 2478 Καλλίμηλος
1917 2423 1985 2477 (C.
2013 2423 2052 2466 J.
2081 2439 2120 2466 n.
2149 2427 2256 2467 1584
2283 2430 2361 2480 pat.

279 2496 447 2539 tibicinis
470 2486 639 2551 Q'heb.)-,
678 2491 944 2552 Κλεόμηλος,
973 2491 1233 2553 Ἀρχίμηλος
1268 2499 1504 2556 (epigramm.
1539 2500 1660 2557 poet.)
1703 2494 2066 2555 Ἀριστομηλίδας
2091 2499 2229 2553 (Paus.
2256 2497 2367 2542 VIII.

278 2572 348 2623 42,
374 2574 403 2612 4
427 2570 606 2612 Lobeck.
633 2570 828 2626 Paralipp.
855 2585 894 2627 p.
910 2572 970 2623 6),
998 2569 1214 2627 φιλομήλη
1240 2586 1381 2615 nomen
1402 2571 1531 2624 μέλος
1555 2574 1742 2630 producta
1767 2575 1895 2614 vocali
1922 2575 2139 2628 agnoverit.
2195 2574 2249 2614 Et
2271 2574 2363 2614 mihi

280 2644 430 2698 quidem
456 2645 504 2685 de
529 2645 721 2686 nonnullis
747 2649 853 2686 recte
879 2646 942 2687 vir
967 2647 1130 2688 eximius
1157 2649 1381 2703 praecipere
1407 2647 1583 2699 videtur;
1628 2662 1759 2689 verum
1786 2649 1850 2689 vel
1876 2649 1918 2689 in
1944 2649 1994 2688 iis
2023 2662 2119 2702 quae
2149 2647 2361 2703 composuit

278 2717 509 2772 nominibus,
536 2733 646 2774 quum
670 2719 781 2776 plura
805 2724 955 2776 posset,
982 2721 1148 2777 reperiri
1173 2722 1355 2775 arbitror,
1383 2720 1429 2762 de
1457 2722 1592 2776 quibus
1612 2722 1690 2778 ipsi
1707 2721 1849 2776 Graeci
1871 2727 2042 2775 veteres,
2072 2721 2361 2764 si-sententiam

206 2831 208 2833 ,
280 2804 503 2846 quaereres,
530 2794 572 2834 in
599 2794 696 2834 alias
724 2794 790 2834 alii
817 2795 1095 2850 originationes
1124 2796 1337 2847 discessuri
1364 2800 1512 2840 essent.
1568 2796 1682 2847 Quod
1707 2810 1800 2838 vero
1831 2797 1881 2838 ad
1900 2797 2067 2838 Boeotia
2092 2797 2244 2838 nomina
2271 2795 2360 2835 atti-

279 2870 360 2919 net,
387 2865 590 2910 Boeckhio
619 2869 805 2911 assentiri
829 2884 909 2913 non
935 2869 1076 2913 dubito.
