2692 3118
152 3011 172 3035 Q

1153 290 1188 292 m
1231 225 1294 271 36

442 374 493 419 V.
521 376 575 415 20
603 371 774 430 supplevi
802 371 850 413 ad
876 385 914 413 ιι.
944 372 1061 413 1584.
1089 372 1155 412 23.
1195 370 1416 427 Gorgippus
1452 382 1589 411 novum
1626 369 1755 412 drama
1791 371 1996 426 satyricum
2032 372 2073 414 in
2110 377 2302 415 certamen

447 449 549 488 dedit
577 447 802 497 (Welcker.
831 446 856 485 l.
886 446 911 484 l.
941 460 978 500 p.
1010 446 1143 495 1278).
1209 446 1284 484 llic
1320 451 1360 483 ut
1386 458 1423 483 n.
1456 446 1560 483 1581
1595 444 1723 483 drama
1760 447 1965 499 satyricum
2001 445 2196 500 praecedit
2222 452 2299 485 tra-

444 521 643 575 goediam,
689 534 849 574 prorsus
888 521 934 559 ab
973 534 1018 559 ea
1054 520 1350 573 emancipatum,
1388 517 1591 558 Welcker.
1629 534 1665 573 p.
1706 523 1821 559 1281.
1887 516 2144 573 εΥποκριτής
2178 525 2301 559 autem

443 595 628 649 ποιητοῦ
656 590 874 647 Σατύρων,
919 596 981 647 qui
1019 593 1179 632 habetur
1206 608 1243 633 n.
1273 594 1388 633 1584.
1418 594 1486 643 26,
1523 592 1585 632 hic
1624 593 1733 634 deest
1769 598 1808 634 ut
1835 594 2045 634 histriones
2076 594 2302 648 scriptorum

441 668 617 723 tragoed.
648 673 685 706 et
714 667 881 706 comoed.
939 667 1064 720 Atque
1094 667 1208 706 etiam
1236 680 1272 707 n.
1294 668 1410 706 1585.
1433 668 1485 705 18
1513 666 1620 705 solus
1651 673 1712 706 est
1739 663 2072 721 σατυρογράφος.
2116 667 2302 707 Nimirum
2379 680 2385 684 ·

439 744 479 782 hi
515 748 651 795 poetae
688 741 836 780 fabulas
876 755 968 780 suas
1007 741 1082 794 ipsi
1119 742 1343 780 recitabant.
1409 741 1457 781 V.
1487 744 1539 780 22
1576 746 1614 780 et
1648 743 1702 779 24
1740 742 1786 780 de
1823 742 2009 796 tragoedo
2046 747 2085 780 et
2120 741 2301 780 comoedo

439 814 646 854 Welckeri
683 815 909 854 sententiam
947 815 1001 869 (p.
1031 815 1138 853 1278
1166 815 1242 868 sq.)
1272 815 1501 869 amplector,
1541 815 1603 868 qui
1631 829 1667 855 n.
1698 817 1817 867 1583,
1845 830 1883 855 ιι.
1915 817 2020 856 1584
2051 820 2089 855 et
2115 829 2152 855 n.
2183 815 2301 854 1585.

438 891 490 929 12
521 887 752 943 (τραγῳδὸς
780 888 971 935 παλαιᾶς
998 886 1252 943 τραγῳδίας)
1283 895 1434 929 actores
1452 890 1539 929 illos
1562 890 1847 945 interpretatur,
1877 891 1938 943 qui
1955 889 2117 943 agendis
2133 893 2303 929 veterum

439 963 651 1004 fabularum
687 964 859 1017 partibus
898 963 958 1002 vel
988 964 1166 1016 personis
1205 964 1306 1002 inter
1344 977 1387 1002 se
1425 966 1669 1003 certaverint.
1733 964 1796 1003 Ab
1832 960 2045 1017 ὑποκριτῇ
2081 976 2199 1014 vero,
2242 963 2303 1016 qui

440 1038 577 1090 ubique
615 1038 654 1077 in
691 1038 752 1076 his
791 1037 978 1090 catalogis
1022 1051 1103 1076 cum
1141 1044 1257 1091 poeta
1294 1052 1476 1077 novarum
1511 1038 1721 1077 fabularum
1750 1039 1972 1078 coniunctus
2000 1024 2213 1091 reperitur,
2256 1050 2302 1076 eo

440 1110 694 1161 differebant,
741 1110 839 1164 quod
883 1125 991 1164 quum
1029 1111 1063 1150 is
1102 1124 1148 1150 ea
1188 1125 1282 1165 quae
1321 1100 1435 1166 poeta
1471 1112 1683 1166 scripserat
1717 1112 1882 1151 recitare
1919 1116 1958 1150 et
1984 1125 2103 1165 agere
2133 1110 2303 1162 deberet,

438 1184 619 1238 tragoedi
659 1189 792 1223 contra
831 1189 869 1222 et
898 1184 1070 1223 comoedi
1096 1190 1265 1224 veterem
1295 1176 1454 1237 ali‘qu'am
1483 1176 1646 1224 fabulam
1676 1185 1722 1223 ad
1751 1198 1856 1224 suam
1885 1190 2002 1223 artem
2032 1183 2304 1223 ostendendam

441 1257 518 1313 ipsi
546 1257 739 1311 eligebant
768 1257 925 1310 usuique
956 1271 1025 1297 suo
1056 1257 1317 1311 adoptabant.'
1355 1247 1484 1306 Quat-'e
1513 1254 1727 1310 τραγῳδός
1765 1259 1847 1297 sive
1874 1255 2089 1311 τραγῳδὸς
2115 1256 2304 1304 παλαιᾶς

438 1329 676 1385 τραγωδιάς
704 1331 893 1383 aliquanto
924 1330 1007 1384 plus
1038 1332 1258 1384 praestabat
1287 1345 1392 1383 quam
1430 1327 1665 1383 ὑποκριτής
1700 1346 1732 1371 s.
1770 1327 2005 1384 ὑποκριτὴς
2031 1330 2178 1383 καινῆς
2202 1344 2300 1383 τρα-

437 1400 607 1457 γῳδίας.
651 1389 724 1445 ¹V.
755 1405 808 1442 23
843 1402 991 1443 Κλέων
1018 1403 1167 1442 videtur
1205 1417 1253 1442 ex
1291 1403 1460 1456 posteris
1501 1417 1591 1443 esse
1618 1403 1802 1458 rhapsodi
1828 1417 1865 1443 ιι.
1898 1402 2014 1443 1583.
2044 1405 2094 1442 12
2122 1398 2303 1456 Κράτων

437 1474 630 1525 ,Κλίωνος
672 1476 869 1527 Θειβεῖος
907 1478 963 1527 (ιι.
1004 1478 1122 1516 1580.
1159 1477 1186 1513 3
1234 1470 1430 1521 ἆΐδοντος
1466 1473 1695 1528 Κρότωνος
1731 1476 1791 1516 cll.
1828 1475 2003 1517 Boeckh.
2041 1491 2077 1531 p.
2106 1479 2199 1517 763.
2230 1477 2299 1529 b.).

437 1552 489 1594 V.
516 1553 572 1590 24
600 1550 811 1599 κωμωδῶν
849 1550 928 1599 (cui
957 1549 1037 1586 iota
1065 1548 1111 1585 de
1141 1559 1224 1586 meo
1253 1547 1394 1586 addere
1421 1548 1540 1599 nolui,
1570 1547 1645 1588 vid.
1675 1561 1710 1588 v.
1740 1551 1804 1589 25.
1832 1551 1898 1601 2Ί,
1929 1563 1965 1589 ιι.
1997 1551 2113 1590 1584.
2141 1552 2205 1590 20.
2234 1551 2300 1591 22.

440 1629 508 1664 28.
528 1627 593 1662 32.
611 1625 677 1661 46.
696 1625 760 1661 48.
781 1625 850 1671 50)
880 1637 949 1675 pro
979 1618 1179 1670 κωμωδός
1206 1622 1361 1674 probari
1389 1622 1539 1660 videtur
1567 1623 1673 1660 titulo
1702 1637 1740 1661 n.
1768 1625 1885 1661 2759.
1914 1623 1985 1662 111.
2016 1628 2054 1674 1,
2084 1638 2301 1677 quamquam

441 1696 533 1740 illud
561 1697 685 1750 magis
715 1702 775 1735 est
803 1710 851 1734 ex
880 1709 949 1735 usu
978 1696 1267 1750 inscriptionum
1296 1694 1556 1735 Boeotiarum.
1612 1695 1660 1738 V.
1690 1698 1744 1736 25
1779 1695 1961 1750 ποιητὴς
1986 1697 2228 1751 τραγωδιιῦν
2263 1705 2301 1738 et

440 1786 477 1814 v.
509 1773 563 1812 27
597 1784 645 1811 π.
676 1769 907 1820 κωμωδιιῦν
944 1770 1055 1809 novis
1085 1782 1107 1808 a
1136 1783 1179 1809 se
1208 1770 1322 1809 factis
1352 1769 1491 1809 fabulis
1521 1770 1728 1811 certabant.
1790 1769 1908 1811 Iidem
1938 1776 2025 1811 sunt
2051 1786 2088 1812 ιι.
2118 1773 2224 1812 1585
2249 1786 2295 1812 π.

440 1845 587 1898 καινῆς
614 1841 839 1896 κωμῳδίας
866 1856 901 1882 v.
935 1845 985 1881 13
1013 1848 1052 1881 et
1078 1856 1123 1880 π.
1156 1857 1192 1881 κ.
1225 1856 1340 1895 τραγ.
1373 1855 1409 1882 v.
1441 1844 1502 1883 15.
1568 1842 1749 1884 Ceterum
1786 1844 1858 1884 hos
1887 1845 2054 1885 artifices
2083 1846 2122 1885 in
2150 1846 2222 1885 hoc
2251 1846 2297 1885 ti-

437 1919 515 1960 tulo
555 1918 724 1972 scriptos
755 1917 901 1967 fuisse,
942 1916 1136 1969 sagaciter
1164 1915 1402 1956 Welckerus
1441 1930 1476 1971 p.
1508 1918 1612 1957 1283
1648 1918 1876 1958 coniecerat.
1942 1918 2004 1958 Ad
2033 1932 2069 1959 v.
2098 1921 2152 1958 28
2179 1924 2217 1959 et
2244 1921 2298 1960 30

438 1993 541 2034 conf.
569 2006 607 2031 n.
639 1993 754 2030 1631.
783 1992 823 2041 2,
864 1990 924 2029 ubi
952 1990 1225 2029 Protarchi
1262 1994 1372 2044 pater
1406 1994 1470 2029 aut
1497 1990 1596 2030 filius
1626 1996 1690 2030 aut
1717 1991 1852 2045 aliquis
1881 1997 1985 2032 certe
2014 1997 2200 2047 cognatus
2229 1992 2297 2033 ho-

435 2072 596 2107 noratur
624 2080 635 2104 :
665 2063 940 2118 Πρωτογένην
968 2060 1241 2117 Πρωτάρχου.
1297 2063 1346 2104 V.
1374 2067 1427 2102 2⁰
1455 2069 1494 2102 ut
1521 2079 1557 2103 n.
1584 2064 1644 2105 VI
1671 2068 1698 2102 4
1724 2063 1797 2104 τὸν
1825 2063 2035 2105 ἐπινίκιον
2066 2080 2123 2106 sc.
2151 2064 2292 2116 ὕμνον,

439 2140 577 2195 steph.
616 2139 744 2178 Thes.
775 2138 847 2177 111.
876 2140 915 2176 6.
943 2140 1059 2177 1712.
1132 2136 1196 2177 Τὰ
1240 2135 1430 2176 ἐπινίκια
1472 2135 1722 2185 mouns-'vdes
1761 2144 1822 2177 est
1858 2153 1894 2178 n.
1932 2140 2048 2178 1583.
2077 2142 2152 2189 25,
2194 2153 2230 2178 τ.
2262 2137 2295 2178 ἑ.

440 2212 673 2265 κωμωδιῶν
700 2207 884 2265 ποιητής
909 2226 946 2251 ιι.
978 2214 1093 2251 1584.
1122 2213 1187 2252 50.
1244 2210 1292 2252 V.
1308 2213 1356 2250 31
1388 2210 1460 2250 τὸν
1489 2207 1666 2264 ὁπλίτην
1696 2226 1705 2251 :
1748 2227 1785 2252 n.
1816 2214 1933 2253 1591.
1961 2214 1997 2252 b.
2026 2214 2081 2252 55
2110 2206 2296 2265 (ἄνδρας)

436 2302 472 2327 τ.
504 2282 559 2334 ὃ.,
589 2302 627 2327 ιι.
649 2286 705 2328 'V.
734 2289 762 2325 8
790 2281 1160 2338 ὁπλειτοδρόμους.
1220 2285 1342 2324 Plene
1370 2284 1562 2324 Pindarus
1592 2284 1724 2324 Isthm.
1752 2276 1791 2325 l.
1813 2287 1867 2324 23
1902 2281 1945 2323 ἔν
1971 2280 2004 2324 τ’
2036 2281 2298 2324 ἀσπιδοδού-

439 2374 586 2402 ποισιν
614 2357 814 2407 ὁπλίταις
842 2355 1034 2414 δρόμοις,
1062 2361 1232 2399 Pausan.
1262 2359 1331 2401 VI.
1364 2361 1427 2409 13,
1465 2363 1487 2397 1
1526 2356 1571 2397 ἕν
1606 2348 1660 2413 τίῆ
1684 2354 1819 2413 ’στήλῃ
1848 2354 1925 2398 οὔκ
1961 2353 2070 2398 εἶναί
2112 2373 2180 2397 πω
2221 2360 2297 2398 τοῦ

439 2432 575 2477 ὅπλου
608 2433 682 2476 τὸν
720 2431 899 2488 δρόμονς
957 2435 1058 2475 conf.
1101 2434 1260 2475 Krause
1301 2432 1377 2473 Die
1420 2431 1556 2487 Gymn.
1600 2446 1635 2473 u.
1674 2431 1804 2487 Agon.
1849 2433 1884 2474 d.
1921 2433 2023 2473 Hell.
2052 2433 2083 2473 1.
2121 2434 2202 2473 353
2239 2446 2296 2486 sq.

437 2510 653 2564 Boettiger.
675 2510 843 2549 Amalth.
872 2510 889 2548 l
918 2524 955 2565 p.
973 2513 1037 2549 60.
1071 2505 1303 2564 Τρόπαιον,
1332 2522 1353 2546 a
1381 2521 1453 2561 quo
1483 2507 1660 2546 currendi
1687 2508 1833 2547 initium
1861 2508 1990 2559 fiebat,
2021 2508 2220 2547 victoriam
2246 2520 2296 2546 ex

434 2583 670 2626 Mithridatis
700 2585 822 2640 copiis
851 2584 1009 2625 relatam
1038 2586 1092 2636 (n.
1122 2585 1240 2624 1587.
1269 2584 1312 2634 3)
1351 2588 1526 2623 testatum
1554 2582 1682 2622 suerit.
1747 2582 1796 2624 V.
1825 2585 1878 2622 33
1905 2596 1975 2636 pro
2011 2580 2084 2621 τὸν
2124 2579 2296 2621 δίαυλον

437 2658 609 2711 (Krause
637 2673 673 2716 p.
702 2660 799 2711 345)
828 2663 1000 2715 poteram
1029 2659 1140 2699 etiam
1168 2655 1243 2698 τὸν
1272 2654 1448 2707 δόλιχον,
1487 2655 1538 2696 id.
1567 2670 1604 2712 p.
1632 2658 1724 2698 347.
1790 2655 1839 2699 V.
1868 2657 1922 2696 32
1952 2651 2131 2707 Ὀλύμπ.
2175 2667 2210 2695 ν.
2249 2653 2297 2695 ad

373 2782 385 2787 -
439 2747 476 2772 n.
505 2734 557 2773 Π.
585 2736 624 2773 9.
674 2729 933 2787 Ἀριστίδης
961 2734 1089 2773 Theb.
1119 2738 1181 2773 est
1209 2746 1246 2771 ιι.
1277 2735 1392 2771 1611.
1419 2736 1447 2771 4
1475 2736 1513 2770 et
1538 2734 1576 2771 5.

208 2884 259 2928 Ν.
290 2885 397 2927 1588
441 2882 573 2925 Leak.
602 2883 677 2923 tab.
708 2882 765 2925 vl
792 2897 829 2924 ιι.
858 2884 909 2923 31
949 2888 987 2924 et
1024 2884 1182 2925 minusc.
1210 2881 1249 2922 ΙΙ
1278 2895 1314 2936 p.
1347 2883 1436 2933 132,
1472 2881 1651 2922 Kramer.
1692 2895 1751 2935 ap.
1782 2878 1977 2920 Davidoff.
2008 2879 2082 2919 tab.
2111 2877 2228 2921 XXV
2256 2892 2294 2918 n.

432 2956 563 2999 XXV.
630 2955 797 3010 Uterque
837 2957 1008 2997 omnibus
1048 2957 1146 2998 locis
1183 2957 1298 2996 habet
1327 2953 1359 2991 Ρ
1389 2960 1428 2994 et
1454 2955 1588 2995 Kram.
1621 2954 1651 2996 l<-
1723 2953 1772 2996 V.
1804 2956 1825 2992 1
1863 2954 1903 2993 in
1932 2959 2090 3007 utroque
2120 2951 2295 3007 exemplo
