2692 3118
1323 203 1385 246 38

905 341 1149 401 Ἀρχανδρὶς
1182 342 1414 394 Καπίωνος
1448 344 1522 387 τὸν
1558 340 1678 387 οὖιόν

909 417 961 474 κὴ
998 418 1142 467 Πτωῒς
1174 415 1404 474 Koch-mog

914 491 1086 533 Φίλωνα
1120 491 1194 532 τὸν
1229 489 1436 547 ἀδελφιόν

909 567 982 615 τῦς
1019 567 1146 615 θιῦς

313 686 550 727 Litterarum
576 683 723 724 formas
751 682 863 738 paulo
892 683 1126 738 antiquiores
1154 683 1195 724 in
1220 682 1347 738 lapide
1377 683 1547 739 conspici
1574 681 1755 723 credibile
1784 687 1860 736 est,
1889 681 1919 725 ξ
1944 682 2140 740 pro-1³2&
2165 682 2294 739 proK
2318 688 2389 725 etc.

318 759 486 800 Stemma
510 771 606 797 vero
634 758 708 796 hoc
735 756 882 811 prodit.

944 836 1126 895 Κράτων
1150 863 1265 981 X
1292 836 1533 896 Ἀρχανδρὶς
1567 839 1797 888 Καπίωνος

1021 984 1176 1039 Φίλων,
1231 986 1390 1036 Πτωΐς.

316 1103 489 1154 Grato,
520 1116 566 1143 eo
595 1108 780 1158 tempore,
811 1116 882 1155 quo
910 1103 1060 1157 positus
1091 1107 1151 1142 est
1176 1103 1238 1142 hic
1267 1103 1412 1154 titulus,
1451 1102 1548 1142 diem
1578 1116 1792 1158 supremum
1819 1103 1893 1143 iam
1921 1102 2080 1143 obierat.
2133 1101 2195 1141 De
2223 1114 2296 1142 usu
2318 1114 2391 1142 >no-

311 1179 421 1218 minis
450 1177 615 1217 Boeotio
644 1190 681 1216 v.
710 1191 747 1216 ιι.
768 1175 877 1218 VIII.
907 1178 975 1227 23,
1006 1175 1052 1215 C.
1074 1175 1111 1216 J.
1141 1190 1178 1215 ιι.
1210 1177 1328 1216 1580.
1356 1179 1397 1227 3,
1426 1190 1463 1217 ιι.
1493 1179 1611 1217 1583.
1640 1179 1706 1229 12,
1735 1190 1773 1217 ιι.
1803 1179 1909 1217 1608
1936 1191 1959 1217 e
1986 1178 2051 1228 15,
2081 1177 2147 1227 16,
2174 1177 2200 1215 h
2225 1177 2293 1227 36,
2320 1176 2389 1227 39,

310 1267 348 1293 ιι.
379 1255 498 1292 1609.
528 1255 569 1302 4,
597 1265 635 1290 ιι.
665 1252 782 1290 1613.
810 1253 851 1301 4,
881 1251 1076 1289 Plutarch.
1107 1250 1265 1299 Quaest.
1297 1251 1476 1306 Sympos.
1504 1251 1537 1291 I.
1565 1255 1604 1292 4.
1654 1247 1913 1305 ’Λρχανόρίς
1951 1266 1961 1290 2
1996 1246 2196 1305 Αὐρηλία
2221 1251 2393 1289 Μεναν-

311 1322 406 1379 ὀρίς
432 1340 469 1365 ιι.
497 1326 617 1364 2843.
645 1326 685 1375 2,
714 1326 756 1375 4,
784 1326 823 1363 8.
877 1323 1132 1377 Frequentius
1161 1325 1313 1364 nomina
1337 1324 1532 1364 mulierum
1558 1324 1599 1365 in
1626 1319 1758 1378 ἄνδρα
1786 1329 1947 1364 exeunt:
1975 1319 2209 1377 Λυσάνδρα
2237 1322 2391 1378 Thesp.

308 1398 506 1438 Plutarch.
535 1397 709 1436 Amator.
738 1399 777 1436 2.
833 1394 1062 1443 Καπίωνος
1089 1401 1150 1435 est
1177 1397 1307 1450 Krpt„
1336 1396 1532 1436 Plutarch.
1562 1397 1608 1436 de
1635 1398 1781 1437 musica
1800 1400 1848 1453 Ι6,
1872 1398 2018 1451 Κῆπις
2043 1397 2157 1438 Anal.
2186 1396 2323 1451 Epigr.
2350 1409 2389 1452 p.

308 1475 400 1512 221.
466 1470 561 1511 Cum
596 1471 748 1510 nomine
782 1467 927 1516 Πτωῖ·ς
963 1470 1013 1511 cf.
1036 1466 1244 1521 Ὃμολωΐς
1278 1470 1319 1509 in
1345 1471 1403 1509 tit.
1430 1469 1570 1508 Rossii
1596 1470 1698 1510 ined.
1727 1470 1947 1510 Anthedon.
2001 1472 2064 1510 De
2101 1467 2220 1512 οὗιόν
2256 1476 2295 1511 et
2319 1472 2393 1520 τῢς

311 1545 414 1593 θιῦς
436 1559 474 1586 v.
501 1544 671 1585 Ahrens.
691 1543 732 1583 ll
758 1557 796 1601 p.
813 1544 907 1583 52⁰.

1316 1736 1384 1786 X.

420 1867 485 1908 Ad
511 1867 846 1924 Acraephiam
875 1867 914 1907 in
942 1866 1142 1908 ruderibus
1172 1866 1317 1908 oraculi
1344 1867 1536 1923 Apollinis
1564 1867 1656 1909 Ptoi
1685 1882 1801 1926 supra
1827 1869 1985 1925 fontem,
2024 1873 2085 1927 qui
2112 1869 2138 1930 ἦ
2178 1872 2393 1931 Περδικό-

312 1945 462 1996 βρυσις
478 1948 651 1993 vocatur,
680 1955 846 1981 marmor
874 1942 1106 1994 quadratum,
1136 1943 1241 1981 cuius
1272 1943 1424 1996 singula
1451 1943 1572 1981 latera
1595 1948 1787 1982 ternorum
1807 1950 1894 1984 sunt
1912 1946 2067 2000 pedum3
2098 1949 2391 1992 crassitudinem

314 2017 428 2056 habet
464 2016 626 2071 palmae.
698 2016 745 2056 In
789 2029 834 2054 eo
876 2016 997 2056 tribus
1035 2016 1283 2057 foraminibus
1320 2016 1532 2071 triangulus
1561 2017 1749 2068 efficitur,
1793 2019 1854 2073 qui
1883 2020 1970 2060 olim
1998 2022 2222 2077 excipiendo
2252 2025 2393 2080 tripodi

314 2104 429 2130 aereo
457 2091 706 2130 inserviebat.
761 2089 964 2144 Lapidem,
994 2090 1100 2130 cuius
1130 2089 1282 2131 dimidia
1308 2091 1393 2131 fere
1421 2105 1511 2146 pars
1542 2092 1677 2132 obruta
1703 2093 1804 2133 humi
1830 2093 1983 2141 latebat,
2021 2098 2212 2151 protraxit
2239 2097 2390 2140 Ulrich-

317 2165 411 2214 sius,
442 2165 504 2217 qui
530 2169 730 2219 postquam
760 2164 834 2204 situ
861 2178 1067 2217 muscoque
1095 2166 1288 2219 purgavit,
1322 2165 1363 2204 in
1390 2180 1463 2206 uno
1491 2166 1650 2205 laterum
1676 2168 1896 2222 palmarium
1930 2169 2218 2226 inscriptionem
2246 2172 2392 2213 detexit

313 2237 370 2281 IV
392 2253 592 2290 versuum,
622 2253 729 2292 quam
761 2253 870 2299 quum
897 2240 1004 2292 prius
1031 2239 1072 2279 in
1092 2237 1256 2280 Graecia
1271 2239 1470 2291 edidisset,
1494 2240 1720 2281 Germanice
1734 2256 1887 2283 versam
1911 2245 2066 2298 repetiit
2091 2246 2161 2285 1.1.
2181 2260 2220 2300 p
2237 2248 2317 2286 238
2350 2254 2390 2286 et

315 2311 535 2353 minusculis
565 2271 726 2353 Graecis
754 2325 792 2367 p.
821 2313 903 2354 247
930 2324 1018 2356 ann.
1046 2313 1086 2353 3.

396 2431 433 2468 1.
488 2426 674 2468 Βοιωτοὶ
705 2423 959 2469 Ἀπόλλωνι
992 2426 1161 2470 Πτωΐοι
1196 2423 1395 2474 ἆνέθιαν,
1444 2421 1644 2482 ἄρχοντος
1676 2431 1887 2478 Βοιωτοῖς
1924 2428 2162 2484 Φιλοκώμω
2194 2429 2387 2488 Ἀντιγε-

490 2498 607 2542 νειΐω
649 2500 926 2553 Θεισπιεῦος,

397 2586 437 2625 2.
493 2580 881 2641 ἅφεδριατευόντων
912 2580 1239 2638 Ἐμπεδοκλεῖος
1269 2580 1592 2643 Ἀθανοκριτίω
1624 2583 1876 2644 Ταναγρήω,
1914 2584 2153 2640 Πούθωνος
2179 2586 2391 2644 Αὖτομει-

495 2658 612 2698 δειΐω
645 2655 904 2714 Ἐρχομενίω,
1033 2667 1035 2670 ’

395 2744 435 2782 3.
486 2737 761 2790 Ἱπποτίωνος
795 2741 1153 2793 Ραστυμειὸοντίω
1196 2744 1460 2798 Κορωνεῖος,
1501 2739 1782 2793 ἘπιΕάλτιος
1817 2743 2034 2798 Μαχωνίω
2074 2743 2265 2802 Θειβήω,
2310 2750 2391 2791 Νι-

494 2812 646 2863 κίωνος
672 2815 932 2871 Γρυλλίωνος
957 2816 1209 2866 Πλαταεῖος,

394 2903 433 2942 4.
485 2896 814 2955 Ἀριστοκλεῖος
843 2897 1070 2955 ’.Αγασιήω
1100 2897 1399 2948 ’Λνθαδονίω,
1437 2898 1606 2952 Σάωνος
1635 2902 1846 2955 Θιοτιμίω
1878 2905 2148 2954 Θεισπιεῖος,
2186 2922 2389 2958 μαντευο-

489 2971 602 3026 μένω
633 2969 880 3027 Ὠνυμάστω
907 2973 1126 3018 Νικολαΐω
1159 2975 1420 3024 Θεισπιεῖος.
