<?xml version="1.0" encoding="UTF-8"?>
<!DOCTYPE html PUBLIC "-//W3C//DTD XHTML 1.0 Transitional//EN"
    "http://www.w3.org/TR/xhtml1/DTD/xhtml1-transitional.dtd">
<html xmlns="http://www.w3.org/1999/xhtml" xml:lang="en" lang="en">
 <head>
  <title>
</title>
<meta http-equiv="Content-Type" content="text/html;charset=utf-8" />
  <meta name='ocr-system' content='tesseract 3.04.00' />
  <meta name='ocr-capabilities' content='ocr_page ocr_carea ocr_par ocr_line ocrx_word'/>
</head>
<body>
  <div class='ocr_page' id='page_1' title='image "./4771404_0054.png"; bbox 0 0 2692 3118; ppageno 0'>
   <div class='ocr_carea' id='block_1_1' title="bbox 1307 202 1374 248">
    <p class='ocr_par' dir='ltr' id='par_1_1' title="bbox 1307 202 1374 248">
     <span class='ocr_line' id='line_1_1' title="bbox 1307 202 1374 248; baseline 0 0"><span class='ocrx_word' id='word_1_1' title='bbox 1307 202 1374 248; x_wconf 80' lang='lat'><strong>46</strong></span> 
     </span>
    </p>
   </div>
   <div class='ocr_carea' id='block_1_2' title="bbox 1240 265 1465 275">
    <p class='ocr_par' dir='ltr' id='par_1_2' title="bbox 1240 265 1465 275">
     <span class='ocr_line' id='line_1_2' title="bbox 1240 265 1465 275; baseline 0 2843"><span class='ocrx_word' id='word_1_2' title='bbox 1240 265 1465 275; x_wconf 95' lang='lat' dir='ltr'><strong> </strong></span> 
     </span>
    </p>
   </div>
   <div class='ocr_carea' id='block_1_3' title="bbox 282 342 2391 2920">
    <p class='ocr_par' dir='ltr' id='par_1_3' title="bbox 282 342 2391 2920">
     <span class='ocr_line' id='line_1_3' title="bbox 309 342 2386 404; baseline -0.002 -12"><span class='ocrx_word' id='word_1_3' title='bbox 309 347 471 404; x_wconf 78' lang='grc' dir='ltr'><em>κο]ινόν</em></span> <span class='ocrx_word' id='word_1_4' title='bbox 510 349 597 390; x_wconf 82' lang='grc' dir='ltr'><strong>τῶν</strong></span> <span class='ocrx_word' id='word_1_5' title='bbox 621 348 816 400; x_wconf 73' lang='grc' dir='ltr'><em>τεχνιτῶν</em></span> <span class='ocrx_word' id='word_1_6' title='bbox 850 347 933 388; x_wconf 80' lang='grc' dir='ltr'><strong>τῶν</strong></span> <span class='ocrx_word' id='word_1_7' title='bbox 969 344 1032 395; x_wconf 84' lang='grc' dir='ltr'><em>εἷς</em></span> <span class='ocrx_word' id='word_1_8' title='bbox 1053 342 1264 401; x_wconf 79' lang='grc' dir='ltr'><em>Ἰσμήνιον</em></span> <span class='ocrx_word' id='word_1_9' title='bbox 1302 342 1621 400; x_wconf 79' lang='grc' dir='ltr'><em>[συντελούντων</em></span> <span class='ocrx_word' id='word_1_10' title='bbox 1647 346 1780 402; x_wconf 85' lang='lat' dir='ltr'><strong>(Spec.</strong></span> <span class='ocrx_word' id='word_1_11' title='bbox 1809 347 1944 388; x_wconf 88' lang='lat' dir='ltr'><strong>Onom.</strong></span> <span class='ocrx_word' id='word_1_12' title='bbox 1976 346 2044 387; x_wconf 88' lang='lat' dir='ltr'><strong>Gr.</strong></span> <span class='ocrx_word' id='word_1_13' title='bbox 2070 361 2109 402; x_wconf 88' lang='lat' dir='ltr'><strong>p.</strong></span> <span class='ocrx_word' id='word_1_14' title='bbox 2143 349 2260 400; x_wconf 65' lang='lat'><strong>117),</strong></span> <span class='ocrx_word' id='word_1_15' title='bbox 2287 361 2386 388; x_wconf 90' lang='lat' dir='ltr'><strong>nunc</strong></span> 
     </span>
     <span class='ocr_line' id='line_1_4' title="bbox 304 416 2384 475; baseline -0.002 -9"><span class='ocrx_word' id='word_1_16' title='bbox 304 423 548 466; x_wconf 87' lang='lat' dir='ltr'><strong>scribendum</strong></span> <span class='ocrx_word' id='word_1_17' title='bbox 575 436 663 463; x_wconf 87' lang='lat' dir='ltr'><strong>esse</strong></span> <span class='ocrx_word' id='word_1_18' title='bbox 691 421 802 462; x_wconf 84' lang='lat' dir='ltr'><strong>video</strong></span> <span class='ocrx_word' id='word_1_19' title='bbox 831 418 893 469; x_wconf 82' lang='grc' dir='ltr'><em>εἷς</em></span> <span class='ocrx_word' id='word_1_20' title='bbox 919 418 992 461; x_wconf 85' lang='grc' dir='ltr'><strong>τὸν</strong></span> <span class='ocrx_word' id='word_1_21' title='bbox 1015 416 1206 472; x_wconf 74' lang='grc' dir='ltr'><em>Ἰσθμόν,</em></span> <span class='ocrx_word' id='word_1_22' title='bbox 1238 422 1441 475; x_wconf 84' lang='lat' dir='ltr'><strong>titulosque</strong></span> <span class='ocrx_word' id='word_1_23' title='bbox 1469 427 1508 463; x_wconf 85' lang='lat' dir='ltr'><strong>n.</strong></span> <span class='ocrx_word' id='word_1_24' title='bbox 1539 423 1644 464; x_wconf 79' lang='lat'><strong>1689</strong></span> <span class='ocrx_word' id='word_1_25' title='bbox 1667 426 1706 462; x_wconf 90' lang='lat' dir='ltr'><strong>et</strong></span> <span class='ocrx_word' id='word_1_26' title='bbox 1722 436 1761 461; x_wconf 95' lang='lat' dir='ltr'><strong>n.</strong></span> <span class='ocrx_word' id='word_1_27' title='bbox 1789 423 1909 462; x_wconf 73' lang='lat'><strong>8⁰68.</strong></span> <span class='ocrx_word' id='word_1_28' title='bbox 1940 420 1974 462; x_wconf 87' lang='lat' dir='ltr'>C</span> <span class='ocrx_word' id='word_1_29' title='bbox 2004 422 2180 475; x_wconf 86' lang='lat' dir='ltr'><strong>supparis</strong></span> <span class='ocrx_word' id='word_1_30' title='bbox 2205 422 2290 461; x_wconf 87' lang='lat' dir='ltr'><strong>fere</strong></span> <span class='ocrx_word' id='word_1_31' title='bbox 2319 436 2384 461; x_wconf 91' lang='lat' dir='ltr'><strong>ae-</strong></span> 
     </span>
     <span class='ocr_line' id='line_1_5' title="bbox 302 491 2384 552; baseline -0.001 -13"><span class='ocrx_word' id='word_1_32' title='bbox 302 499 395 538; x_wconf 91' lang='lat' dir='ltr'><strong>tatis</strong></span> <span class='ocrx_word' id='word_1_33' title='bbox 426 511 515 538; x_wconf 90' lang='lat' dir='ltr'><strong>esse</strong></span> <span class='ocrx_word' id='word_1_34' title='bbox 544 496 732 551; x_wconf 83' lang='lat' dir='ltr'><strong>suspicor.</strong></span> <span class='ocrx_word' id='word_1_35' title='bbox 795 494 858 534; x_wconf 90' lang='lat' dir='ltr'><strong>De</strong></span> <span class='ocrx_word' id='word_1_36' title='bbox 886 495 996 535; x_wconf 86' lang='lat' dir='ltr'><strong>verbi</strong></span> <span class='ocrx_word' id='word_1_37' title='bbox 1023 493 1233 535; x_wconf 81' lang='grc' dir='ltr'><em>συντελεῖν</em></span> <span class='ocrx_word' id='word_1_38' title='bbox 1260 509 1332 536; x_wconf 87' lang='lat' dir='ltr'><strong>usu</strong></span> <span class='ocrx_word' id='word_1_39' title='bbox 1361 495 1495 536; x_wconf 86' lang='lat' dir='ltr'><strong>confer</strong></span> <span class='ocrx_word' id='word_1_40' title='bbox 1522 499 1677 552; x_wconf 87' lang='lat' dir='ltr'><strong>praeter</strong></span> <span class='ocrx_word' id='word_1_41' title='bbox 1703 495 1816 536; x_wconf 86' lang='lat' dir='ltr'><strong>allata</strong></span> <span class='ocrx_word' id='word_1_42' title='bbox 1852 494 1879 536; x_wconf 91' lang='lat' dir='ltr'><strong>l.</strong></span> <span class='ocrx_word' id='word_1_43' title='bbox 1907 494 1935 539; x_wconf 87' lang='lat' dir='ltr'><strong>l.</strong></span> <span class='ocrx_word' id='word_1_44' title='bbox 1961 491 2255 550; x_wconf 82' lang='lat' dir='ltr'><strong>Wyttenbachii</strong></span> <span class='ocrx_word' id='word_1_45' title='bbox 2280 493 2384 536; x_wconf 90' lang='lat' dir='ltr'><strong>Indi-</strong></span> 
     </span>
     <span class='ocr_line' id='line_1_6' title="bbox 305 569 2384 624; baseline -0.001 -11"><span class='ocrx_word' id='word_1_46' title='bbox 305 587 389 613; x_wconf 90' lang='lat' dir='ltr'><strong>cem</strong></span> <span class='ocrx_word' id='word_1_47' title='bbox 419 572 584 611; x_wconf 85' lang='lat' dir='ltr'><strong>Graecit.</strong></span> <span class='ocrx_word' id='word_1_48' title='bbox 614 571 654 609; x_wconf 90' lang='lat' dir='ltr'><strong>in</strong></span> <span class='ocrx_word' id='word_1_49' title='bbox 669 570 772 609; x_wconf 92' lang='lat' dir='ltr'><strong>Plut.</strong></span> <span class='ocrx_word' id='word_1_50' title='bbox 802 575 840 608; x_wconf 91' lang='lat' dir='ltr'><strong>et</strong></span> <span class='ocrx_word' id='word_1_51' title='bbox 866 570 1045 624; x_wconf 88' lang='lat' dir='ltr'><strong>Xenoph.</strong></span> <span class='ocrx_word' id='word_1_52' title='bbox 1075 569 1227 609; x_wconf 85' lang='lat' dir='ltr'>Hellen.</span> <span class='ocrx_word' id='word_1_53' title='bbox 1256 570 1346 612; x_wconf 89' lang='lat' dir='ltr'><strong>VII.</strong></span> <span class='ocrx_word' id='word_1_54' title='bbox 1375 573 1416 622; x_wconf 80' lang='lat'><strong>4,</strong></span> <span class='ocrx_word' id='word_1_55' title='bbox 1446 571 1509 609; x_wconf 85' lang='lat'><strong>12.</strong></span> <span class='ocrx_word' id='word_1_56' title='bbox 1565 569 1634 622; x_wconf 87' lang='lat' dir='ltr'><strong>At,</strong></span> <span class='ocrx_word' id='word_1_57' title='bbox 1662 571 1796 624; x_wconf 90' lang='lat' dir='ltr'><strong>inquit,</strong></span> <span class='ocrx_word' id='word_1_58' title='bbox 1824 569 1949 610; x_wconf 85' lang='lat' dir='ltr'><strong>nullae</strong></span> <span class='ocrx_word' id='word_1_59' title='bbox 1977 570 2132 611; x_wconf 78' lang='lat' dir='ltr'><strong>fuerunt</strong></span> <span class='ocrx_word' id='word_1_60' title='bbox 2157 569 2384 611; x_wconf 89' lang='lat' dir='ltr'><strong>histrionum</strong></span> 
     </span>
     <span class='ocr_line' id='line_1_7' title="bbox 304 639 2385 702; baseline -0.001 -15"><span class='ocrx_word' id='word_1_61' title='bbox 304 652 435 702; x_wconf 87' lang='lat' dir='ltr'><strong>partes</strong></span> <span class='ocrx_word' id='word_1_62' title='bbox 464 647 503 684; x_wconf 92' lang='lat' dir='ltr'><strong>in</strong></span> <span class='ocrx_word' id='word_1_63' title='bbox 530 645 733 684; x_wconf 90' lang='lat' dir='ltr'><strong>Isthmiis:</strong></span> <span class='ocrx_word' id='word_1_64' title='bbox 762 644 926 682; x_wconf 89' lang='lat' dir='ltr'><strong>Lucian.</strong></span> <span class='ocrx_word' id='word_1_65' title='bbox 956 645 1051 683; x_wconf 91' lang='lat' dir='ltr'><strong>Ner.</strong></span> <span class='ocrx_word' id='word_1_66' title='bbox 1093 647 1121 682; x_wconf 80' lang='lat'>9</span> <span class='ocrx_word' id='word_1_67' title='bbox 1142 639 1313 693; x_wconf 79' lang='grc' dir='ltr'><em>Ἰσθμοῖ</em></span> <span class='ocrx_word' id='word_1_68' title='bbox 1338 640 1467 693; x_wconf 88' lang='grc' dir='ltr'><em>νόμου</em></span> <span class='ocrx_word' id='word_1_69' title='bbox 1495 641 1688 694; x_wconf 84' lang='grc' dir='ltr'><em>κειμένου</em></span> <span class='ocrx_word' id='word_1_70' title='bbox 1715 641 1820 698; x_wconf 82' lang='grc' dir='ltr'><em>μήτε</em></span> <span class='ocrx_word' id='word_1_71' title='bbox 1848 640 2072 698; x_wconf 81' lang='grc' dir='ltr'><em>κωμῳδίαν</em></span> <span class='ocrx_word' id='word_1_72' title='bbox 2099 639 2385 697; x_wconf 75' lang='grc' dir='ltr'><em>ἀγωνίζεσθαι</em></span> 
     </span>
     <span class='ocr_line' id='line_1_8' title="bbox 304 713 2385 775; baseline -0.002 -14"><span class='ocrx_word' id='word_1_73' title='bbox 304 716 409 775; x_wconf 80' lang='grc' dir='ltr'><em>μήτε</em></span> <span class='ocrx_word' id='word_1_74' title='bbox 437 714 688 773; x_wconf 79' lang='grc' dir='ltr'><em>τραγῳδίαν,</em></span> <span class='ocrx_word' id='word_1_75' title='bbox 720 713 860 758; x_wconf 81' lang='grc' dir='ltr'><em>ἐδόκει</em></span> <span class='ocrx_word' id='word_1_76' title='bbox 875 715 1045 772; x_wconf 81' lang='grc' dir='ltr'><em>Νέρωνι</em></span> <span class='ocrx_word' id='word_1_77' title='bbox 1070 717 1313 771; x_wconf 67' lang='grc' dir='ltr'><em>τραγῳδοιῖς</em></span> <span class='ocrx_word' id='word_1_78' title='bbox 1340 719 1459 758; x_wconf 81' lang='grc' dir='ltr'><em>νικᾶν</em></span> <span class='ocrx_word' id='word_1_79' title='bbox 1487 716 1559 757; x_wconf 76' lang='grc' dir='ltr'><em>καὶ</em></span> <span class='ocrx_word' id='word_1_80' title='bbox 1585 717 1810 771; x_wconf 75' lang='grc' dir='ltr'><em>παρῆλθεν</em></span> <span class='ocrx_word' id='word_1_81' title='bbox 1836 717 1899 765; x_wconf 81' lang='grc' dir='ltr'><em>εἷς</em></span> <span class='ocrx_word' id='word_1_82' title='bbox 1913 714 2068 771; x_wconf 78' lang='grc' dir='ltr'><em>ἀγῶνα,</em></span> <span class='ocrx_word' id='word_1_83' title='bbox 2097 717 2385 759; x_wconf 87' lang='lat' dir='ltr'><strong>Welcker.l.l.</strong></span> 
     </span>
     <span class='ocr_line' id='line_1_9' title="bbox 304 790 2386 851; baseline -0.002 -16"><span class='ocrx_word' id='word_1_84' title='bbox 304 808 343 851; x_wconf 88' lang='lat' dir='ltr'><strong>p.</strong></span> <span class='ocrx_word' id='word_1_85' title='bbox 370 795 474 833; x_wconf 69' lang='lat'>1284</span> <span class='ocrx_word' id='word_1_86' title='bbox 496 806 533 833; x_wconf 96' lang='grc' dir='ltr'><strong>ιι.</strong></span> <span class='ocrx_word' id='word_1_87' title='bbox 555 794 646 833; x_wconf 76' lang='grc'><strong>103.</strong></span> <span class='ocrx_word' id='word_1_88' title='bbox 661 792 846 832; x_wconf 87' lang='lat' dir='ltr'><strong>Nimirum</strong></span> <span class='ocrx_word' id='word_1_89' title='bbox 859 791 1036 832; x_wconf 88' lang='lat' dir='ltr'><strong>Luciano</strong></span> <span class='ocrx_word' id='word_1_90' title='bbox 1055 791 1201 832; x_wconf 89' lang='lat' dir='ltr'><strong>auctori</strong></span> <span class='ocrx_word' id='word_1_91' title='bbox 1220 805 1297 833; x_wconf 91' lang='lat' dir='ltr'><strong>non</strong></span> <span class='ocrx_word' id='word_1_92' title='bbox 1324 792 1622 847; x_wconf 90' lang='lat' dir='ltr'><strong>locupletissimo</strong></span> <span class='ocrx_word' id='word_1_93' title='bbox 1653 791 1803 843; x_wconf 88' lang='lat' dir='ltr'><strong>(Jacob.</strong></span> <span class='ocrx_word' id='word_1_94' title='bbox 1821 790 2100 832; x_wconf 79' lang='lat' dir='ltr'><strong>characterist.</strong></span> <span class='ocrx_word' id='word_1_95' title='bbox 2115 792 2214 832; x_wconf 91' lang='lat' dir='ltr'><strong>Luc.</strong></span> <span class='ocrx_word' id='word_1_96' title='bbox 2230 806 2267 847; x_wconf 90' lang='lat' dir='ltr'><strong>p.</strong></span> <span class='ocrx_word' id='word_1_97' title='bbox 2288 791 2386 843; x_wconf 68' lang='lat'>187)</span> 
     </span>
     <span class='ocr_line' id='line_1_10' title="bbox 303 864 2388 921; baseline -0.001 -13"><span class='ocrx_word' id='word_1_98' title='bbox 303 867 416 908; x_wconf 90' lang='lat' dir='ltr'><strong>fidem</strong></span> <span class='ocrx_word' id='word_1_99' title='bbox 437 865 699 921; x_wconf 84' lang='lat' dir='ltr'>denegandam</span> <span class='ocrx_word' id='word_1_100' title='bbox 720 880 825 917; x_wconf 90' lang='lat' dir='ltr'><strong>esse,</strong></span> <span class='ocrx_word' id='word_1_101' title='bbox 856 870 894 905; x_wconf 89' lang='lat' dir='ltr'><strong>et</strong></span> <span class='ocrx_word' id='word_1_102' title='bbox 913 866 1184 920; x_wconf 84' lang='lat' dir='ltr'><strong>inscriptiones</strong></span> <span class='ocrx_word' id='word_1_103' title='bbox 1215 865 1354 906; x_wconf 83' lang='lat' dir='ltr'><strong>docent</strong></span> <span class='ocrx_word' id='word_1_104' title='bbox 1382 870 1420 905; x_wconf 91' lang='lat' dir='ltr'><strong>et</strong></span> <span class='ocrx_word' id='word_1_105' title='bbox 1447 866 1587 906; x_wconf 83' lang='lat' dir='ltr'><strong>theatri</strong></span> <span class='ocrx_word' id='word_1_106' title='bbox 1614 866 1752 906; x_wconf 91' lang='lat' dir='ltr'><strong>mentio</strong></span> <span class='ocrx_word' id='word_1_107' title='bbox 1782 879 1806 906; x_wconf 91' lang='lat' dir='ltr'><strong>a</strong></span> <span class='ocrx_word' id='word_1_108' title='bbox 1831 866 2028 906; x_wconf 80' lang='lat' dir='ltr'><strong>Pausania</strong></span> <span class='ocrx_word' id='word_1_109' title='bbox 2054 866 2159 906; x_wconf 86' lang='lat' dir='ltr'><strong>facta</strong></span> <span class='ocrx_word' id='word_1_110' title='bbox 2184 864 2237 906; x_wconf 89' lang='grc' dir='ltr'><strong>Π.</strong></span> <span class='ocrx_word' id='word_1_111' title='bbox 2267 868 2306 917; x_wconf 83' lang='lat'><strong>1,</strong></span> <span class='ocrx_word' id='word_1_112' title='bbox 2332 865 2388 914; x_wconf 69' lang='lat'><strong>73</strong></span> 
     </span>
     <span class='ocr_line' id='line_1_11' title="bbox 306 939 2386 994; baseline -0.001 -12"><span class='ocrx_word' id='word_1_113' title='bbox 306 941 476 983; x_wconf 90' lang='lat' dir='ltr'><strong>eiusdem</strong></span> <span class='ocrx_word' id='word_1_114' title='bbox 506 941 674 982; x_wconf 89' lang='lat' dir='ltr'><strong>aedificii</strong></span> <span class='ocrx_word' id='word_1_115' title='bbox 701 940 842 980; x_wconf 89' lang='lat' dir='ltr'><strong>rudera</strong></span> <span class='ocrx_word' id='word_1_116' title='bbox 861 954 884 980; x_wconf 93' lang='lat' dir='ltr'><strong>a</strong></span> <span class='ocrx_word' id='word_1_117' title='bbox 907 939 1076 981; x_wconf 90' lang='lat' dir='ltr'><strong>Clarkeo</strong></span> <span class='ocrx_word' id='word_1_118' title='bbox 1107 939 1257 980; x_wconf 86' lang='lat' dir='ltr'><strong>detecta</strong></span> <span class='ocrx_word' id='word_1_119' title='bbox 1274 939 1477 981; x_wconf 89' lang='lat' dir='ltr'><strong>Krauseus</strong></span> <span class='ocrx_word' id='word_1_120' title='bbox 1507 945 1786 991; x_wconf 85' lang='lat' dir='ltr'><strong>commemorat,</strong></span> <span class='ocrx_word' id='word_1_121' title='bbox 1814 940 1890 980; x_wconf 92' lang='lat' dir='ltr'><strong>Die</strong></span> <span class='ocrx_word' id='word_1_122' title='bbox 1920 940 2035 994; x_wconf 89' lang='lat' dir='ltr'><strong>Pyth.</strong></span> <span class='ocrx_word' id='word_1_123' title='bbox 2059 940 2169 979; x_wconf 90' lang='lat' dir='ltr'><strong>Nem.</strong></span> <span class='ocrx_word' id='word_1_124' title='bbox 2199 954 2235 980; x_wconf 92' lang='grc' dir='ltr'><strong>ιι.</strong></span> <span class='ocrx_word' id='word_1_125' title='bbox 2253 939 2386 979; x_wconf 84' lang='lat' dir='ltr'><strong>Isthm.</strong></span> 
     </span>
     <span class='ocr_line' id='line_1_12' title="bbox 304 1010 2387 1071; baseline 0 -17"><span class='ocrx_word' id='word_1_126' title='bbox 304 1030 343 1071; x_wconf 89' lang='lat' dir='ltr'><strong>p.</strong></span> <span class='ocrx_word' id='word_1_127' title='bbox 371 1015 483 1054; x_wconf 89' lang='lat' dir='ltr'><strong>XXI.</strong></span> <span class='ocrx_word' id='word_1_128' title='bbox 538 1014 590 1056; x_wconf 88' lang='lat' dir='ltr'><strong>V.</strong></span> <span class='ocrx_word' id='word_1_129' title='bbox 618 1016 645 1053; x_wconf 75' lang='grc'><strong>8</strong></span> <span class='ocrx_word' id='word_1_130' title='bbox 671 1011 856 1067; x_wconf 88' lang='grc' dir='ltr'><em>Πιερίαν</em></span> <span class='ocrx_word' id='word_1_131' title='bbox 885 1029 894 1052; x_wconf 78' lang='lat' dir='ltr'>z</span> <span class='ocrx_word' id='word_1_132' title='bbox 923 1013 1165 1067; x_wconf 85' lang='lat' dir='ltr'><strong>cogitandum</strong></span> <span class='ocrx_word' id='word_1_133' title='bbox 1193 1013 1346 1052; x_wconf 86' lang='lat' dir='ltr'><strong>videtur</strong></span> <span class='ocrx_word' id='word_1_134' title='bbox 1374 1013 1420 1052; x_wconf 89' lang='lat' dir='ltr'><strong>de</strong></span> <span class='ocrx_word' id='word_1_135' title='bbox 1437 1013 1622 1069; x_wconf 86' lang='lat' dir='ltr'><strong>Olympiis</strong></span> <span class='ocrx_word' id='word_1_136' title='bbox 1652 1017 1691 1053; x_wconf 89' lang='lat' dir='ltr'><strong>et</strong></span> <span class='ocrx_word' id='word_1_137' title='bbox 1718 1014 1883 1053; x_wconf 89' lang='lat' dir='ltr'><strong>scenicis</strong></span> <span class='ocrx_word' id='word_1_138' title='bbox 1914 1013 2102 1067; x_wconf 87' lang='lat' dir='ltr'><strong>agonibus</strong></span> <span class='ocrx_word' id='word_1_139' title='bbox 2122 1011 2215 1053; x_wconf 88' lang='lat' dir='ltr'><strong>Jovi</strong></span> <span class='ocrx_word' id='word_1_140' title='bbox 2240 1010 2387 1067; x_wconf 55' lang='lat' dir='ltr'><strong>⁶2qu-</strong></span> 
     </span>
     <span class='ocr_line' id='line_1_13' title="bbox 308 1070 2387 1141; baseline -0.002 -12"><span class='ocrx_word' id='word_1_141' title='bbox 308 1090 364 1130; x_wconf 90' lang='lat' dir='ltr'><strong>sis</strong></span> <span class='ocrx_word' id='word_1_142' title='bbox 383 1090 452 1128; x_wconf 93' lang='lat' dir='ltr'><strong>Dii</strong></span> <span class='ocrx_word' id='word_1_143' title='bbox 481 1070 670 1128; x_wconf 80' lang='lat' dir='ltr'><strong>celebrari</strong></span> <span class='ocrx_word' id='word_1_144' title='bbox 699 1088 840 1137; x_wconf 89' lang='lat' dir='ltr'><strong>solitis,</strong></span> <span class='ocrx_word' id='word_1_145' title='bbox 868 1101 905 1127; x_wconf 89' lang='lat' dir='ltr'><strong>v.</strong></span> <span class='ocrx_word' id='word_1_146' title='bbox 934 1088 1051 1127; x_wconf 84' lang='lat' dir='ltr'><strong>Diod.</strong></span> <span class='ocrx_word' id='word_1_147' title='bbox 1081 1088 1198 1127; x_wconf 89' lang='lat' dir='ltr'><strong>Sicul.</strong></span> <span class='ocrx_word' id='word_1_148' title='bbox 1227 1086 1358 1128; x_wconf 87' lang='lat' dir='ltr'><strong>XVII.</strong></span> <span class='ocrx_word' id='word_1_149' title='bbox 1389 1090 1454 1137; x_wconf 93' lang='lat'><strong>16,</strong></span> <span class='ocrx_word' id='word_1_150' title='bbox 1485 1086 1687 1126; x_wconf 90' lang='lat' dir='ltr'><strong>Welcker.</strong></span> <span class='ocrx_word' id='word_1_151' title='bbox 1708 1101 1745 1141; x_wconf 92' lang='lat' dir='ltr'><strong>p.</strong></span> <span class='ocrx_word' id='word_1_152' title='bbox 1777 1089 1883 1126; x_wconf 68' lang='lat'><strong>1277</strong></span> <span class='ocrx_word' id='word_1_153' title='bbox 1908 1101 1946 1126; x_wconf 91' lang='lat' dir='ltr'><strong>n.</strong></span> <span class='ocrx_word' id='word_1_154' title='bbox 1975 1085 2387 1141; x_wconf 73' lang='lat' dir='ltr'><strong>87‚Kraus.01ymp.</strong></span> 
     </span>
     <span class='ocr_line' id='line_1_14' title="bbox 304 1156 2386 1219; baseline -0 -16"><span class='ocrx_word' id='word_1_155' title='bbox 304 1176 344 1219; x_wconf 88' lang='lat' dir='ltr'><strong>p.</strong></span> <span class='ocrx_word' id='word_1_156' title='bbox 370 1165 424 1203; x_wconf 83' lang='lat'><strong>8⁰</strong></span> <span class='ocrx_word' id='word_1_157' title='bbox 453 1175 509 1216; x_wconf 90' lang='lat' dir='ltr'><strong>sq.</strong></span> <span class='ocrx_word' id='word_1_158' title='bbox 537 1162 618 1201; x_wconf 81' lang='lat'><strong>215</strong></span> <span class='ocrx_word' id='word_1_159' title='bbox 646 1175 703 1216; x_wconf 87' lang='lat' dir='ltr'><strong>sq</strong></span> <span class='ocrx_word' id='word_1_160' title='bbox 761 1160 811 1203; x_wconf 90' lang='lat' dir='ltr'><strong>V.</strong></span> <span class='ocrx_word' id='word_1_161' title='bbox 839 1163 866 1200; x_wconf 86' lang='lat'>4</span> <span class='ocrx_word' id='word_1_162' title='bbox 893 1174 1030 1201; x_wconf 91' lang='lat' dir='ltr'><strong>nomen</strong></span> <span class='ocrx_word' id='word_1_163' title='bbox 1057 1161 1179 1216; x_wconf 92' lang='lat' dir='ltr'><strong>ipsius</strong></span> <span class='ocrx_word' id='word_1_164' title='bbox 1208 1161 1373 1216; x_wconf 84' lang='lat' dir='ltr'><strong>proxeni</strong></span> <span class='ocrx_word' id='word_1_165' title='bbox 1401 1159 1653 1201; x_wconf 85' lang='lat' dir='ltr'><strong>desideratur.</strong></span> <span class='ocrx_word' id='word_1_166' title='bbox 1682 1156 1956 1208; x_wconf 85' lang='grc' dir='ltr'><em>Ζευξίππου.</em></span> <span class='ocrx_word' id='word_1_167' title='bbox 1987 1160 2034 1200; x_wconf 93' lang='lat' dir='ltr'><strong>ad</strong></span> <span class='ocrx_word' id='word_1_168' title='bbox 2060 1159 2180 1200; x_wconf 85' lang='lat' dir='ltr'><strong>n.11.</strong></span> <span class='ocrx_word' id='word_1_169' title='bbox 2211 1163 2274 1201; x_wconf 72' lang='lat'><strong>17.</strong></span> <span class='ocrx_word' id='word_1_170' title='bbox 2328 1159 2386 1202; x_wconf 88' lang='lat' dir='ltr'><strong>Ib.</strong></span> 
     </span>
     <span class='ocr_line' id='line_1_15' title="bbox 304 1230 2387 1290; baseline 0 -14"><span class='ocrx_word' id='word_1_171' title='bbox 304 1235 387 1287; x_wconf 87' lang='grc' dir='ltr'><strong>τὸμ</strong></span> <span class='ocrx_word' id='word_1_172' title='bbox 414 1232 618 1290; x_wconf 84' lang='grc' dir='ltr'><em>πρόξενον</em></span> <span class='ocrx_word' id='word_1_173' title='bbox 647 1233 720 1275; x_wconf 81' lang='grc' dir='ltr'><em>καὶ</em></span> <span class='ocrx_word' id='word_1_174' title='bbox 747 1230 968 1288; x_wconf 74' lang='grc' dir='ltr'><em>εὐεργέτην</em></span> <span class='ocrx_word' id='word_1_175' title='bbox 996 1235 1137 1290; x_wconf 85' lang='lat' dir='ltr'><strong>scripsi</strong></span> <span class='ocrx_word' id='word_1_176' title='bbox 1165 1247 1216 1274; x_wconf 85' lang='lat' dir='ltr'><strong>ex</strong></span> <span class='ocrx_word' id='word_1_177' title='bbox 1244 1248 1315 1275; x_wconf 90' lang='lat' dir='ltr'><strong>usu</strong></span> <span class='ocrx_word' id='word_1_178' title='bbox 1343 1234 1578 1290; x_wconf 88' lang='lat' dir='ltr'><strong>probavique</strong></span> <span class='ocrx_word' id='word_1_179' title='bbox 1605 1233 1774 1286; x_wconf 87' lang='lat' dir='ltr'><strong>Meiero,</strong></span> <span class='ocrx_word' id='word_1_180' title='bbox 1803 1234 1864 1274; x_wconf 90' lang='lat' dir='ltr'><strong>cui</strong></span> <span class='ocrx_word' id='word_1_181' title='bbox 1881 1234 2015 1275; x_wconf 90' lang='lat' dir='ltr'><strong>merito</strong></span> <span class='ocrx_word' id='word_1_182' title='bbox 2032 1233 2229 1290; x_wconf 90' lang='lat' dir='ltr'><strong>plurimum</strong></span> <span class='ocrx_word' id='word_1_183' title='bbox 2256 1234 2297 1276; x_wconf 88' lang='lat' dir='ltr'><strong>in</strong></span> <span class='ocrx_word' id='word_1_184' title='bbox 2312 1234 2387 1277; x_wconf 87' lang='lat' dir='ltr'><strong>hoc</strong></span> 
     </span>
     <span class='ocr_line' id='line_1_16' title="bbox 282 1308 2389 1364; baseline 0 -15"><span class='ocrx_word' id='word_1_185' title='bbox 282 1324 455 1364; x_wconf 79' lang='lat' dir='ltr'><strong>·genere</strong></span> <span class='ocrx_word' id='word_1_186' title='bbox 484 1310 676 1359; x_wconf 86' lang='lat' dir='ltr'><strong>tribuitur,</strong></span> <span class='ocrx_word' id='word_1_187' title='bbox 704 1309 875 1362; x_wconf 78' lang='lat' dir='ltr'><strong>Aligem,</strong></span> <span class='ocrx_word' id='word_1_188' title='bbox 903 1309 1002 1347; x_wconf 90' lang='lat' dir='ltr'><strong>Litt.</strong></span> <span class='ocrx_word' id='word_1_189' title='bbox 1032 1308 1133 1348; x_wconf 89' lang='lat' dir='ltr'><strong>Zeit.</strong></span> <span class='ocrx_word' id='word_1_190' title='bbox 1163 1311 1269 1348; x_wconf 68' lang='lat'>1844</span> <span class='ocrx_word' id='word_1_191' title='bbox 1305 1322 1343 1363; x_wconf 90' lang='lat' dir='ltr'><strong>p.</strong></span> <span class='ocrx_word' id='word_1_192' title='bbox 1383 1310 1498 1347; x_wconf 77' lang='lat'><strong>182⁰.</strong></span> <span class='ocrx_word' id='word_1_193' title='bbox 1525 1308 1734 1347; x_wconf 85' lang='lat' dir='ltr'><strong>Proxenos</strong></span> <span class='ocrx_word' id='word_1_194' title='bbox 1774 1308 1993 1363; x_wconf 87' lang='lat' dir='ltr'><strong>plerumque</strong></span> <span class='ocrx_word' id='word_1_195' title='bbox 2022 1321 2091 1349; x_wconf 88' lang='lat' dir='ltr'><strong>eos</strong></span> <span class='ocrx_word' id='word_1_196' title='bbox 2120 1308 2195 1349; x_wconf 88' lang='lat' dir='ltr'><strong>dici</strong></span> <span class='ocrx_word' id='word_1_197' title='bbox 2223 1311 2389 1362; x_wconf 87' lang='lat' dir='ltr'><strong>constat,</strong></span> 
     </span>
     <span class='ocr_line' id='line_1_17' title="bbox 306 1381 2388 1438; baseline 0 -15"><span class='ocrx_word' id='word_1_198' title='bbox 306 1384 370 1438; x_wconf 90' lang='lat' dir='ltr'><strong>qui</strong></span> <span class='ocrx_word' id='word_1_199' title='bbox 397 1384 438 1423; x_wconf 91' lang='lat' dir='ltr'><strong>in</strong></span> <span class='ocrx_word' id='word_1_200' title='bbox 465 1397 512 1422; x_wconf 90' lang='lat' dir='ltr'><strong>ea</strong></span> <span class='ocrx_word' id='word_1_201' title='bbox 531 1383 686 1422; x_wconf 87' lang='lat' dir='ltr'><strong>civitate</strong></span> <span class='ocrx_word' id='word_1_202' title='bbox 704 1384 811 1422; x_wconf 90' lang='lat' dir='ltr'><strong>cuius</strong></span> <span class='ocrx_word' id='word_1_203' title='bbox 831 1386 935 1422; x_wconf 89' lang='lat' dir='ltr'><strong>cives</strong></span> <span class='ocrx_word' id='word_1_204' title='bbox 965 1388 1099 1421; x_wconf 91' lang='lat' dir='ltr'><strong>essent</strong></span> <span class='ocrx_word' id='word_1_205' title='bbox 1126 1382 1331 1421; x_wconf 87' lang='lat' dir='ltr'><strong>commodis</strong></span> <span class='ocrx_word' id='word_1_206' title='bbox 1353 1382 1510 1420; x_wconf 86' lang='lat' dir='ltr'><strong>alterius</strong></span> <span class='ocrx_word' id='word_1_207' title='bbox 1529 1381 1761 1435; x_wconf 87' lang='lat' dir='ltr'><strong>reipublicae</strong></span> <span class='ocrx_word' id='word_1_208' title='bbox 1780 1382 2038 1433; x_wconf 86' lang='lat' dir='ltr'><strong>consulerent,</strong></span> <span class='ocrx_word' id='word_1_209' title='bbox 2067 1396 2161 1436; x_wconf 89' lang='lat' dir='ltr'><strong>quae</strong></span> <span class='ocrx_word' id='word_1_210' title='bbox 2176 1383 2388 1438; x_wconf 75' lang='lat' dir='ltr'><strong>proxeniae</strong></span> 
     </span>
     <span class='ocr_line' id='line_1_18' title="bbox 305 1454 2388 1508; baseline -0 -11"><span class='ocrx_word' id='word_1_211' title='bbox 305 1456 491 1498; x_wconf 90' lang='lat' dir='ltr'><strong>honorem</strong></span> <span class='ocrx_word' id='word_1_212' title='bbox 520 1455 596 1497; x_wconf 83' lang='lat' dir='ltr'><strong>illis</strong></span> <span class='ocrx_word' id='word_1_213' title='bbox 625 1455 838 1497; x_wconf 84' lang='lat' dir='ltr'><strong>detulisset.</strong></span> <span class='ocrx_word' id='word_1_214' title='bbox 895 1455 1110 1496; x_wconf 86' lang='lat' dir='ltr'><strong>Praeterea</strong></span> <span class='ocrx_word' id='word_1_215' title='bbox 1138 1454 1297 1495; x_wconf 85' lang='lat' dir='ltr'><strong>alterum</strong></span> <span class='ocrx_word' id='word_1_216' title='bbox 1324 1467 1582 1507; x_wconf 89' lang='lat' dir='ltr'><strong>proxenorum</strong></span> <span class='ocrx_word' id='word_1_217' title='bbox 1618 1468 1741 1506; x_wconf 82' lang='lat' dir='ltr'><strong>genus</strong></span> <span class='ocrx_word' id='word_1_218' title='bbox 1779 1459 1864 1493; x_wconf 84' lang='lat' dir='ltr'><strong>erat</strong></span> <span class='ocrx_word' id='word_1_219' title='bbox 1898 1469 2050 1505; x_wconf 85' lang='lat' dir='ltr'><strong>eorum,</strong></span> <span class='ocrx_word' id='word_1_220' title='bbox 2082 1458 2144 1508; x_wconf 92' lang='lat' dir='ltr'><strong>qui</strong></span> <span class='ocrx_word' id='word_1_221' title='bbox 2178 1471 2257 1496; x_wconf 88' lang='lat' dir='ltr'><strong>nou</strong></span> <span class='ocrx_word' id='word_1_222' title='bbox 2284 1471 2308 1496; x_wconf 88' lang='lat' dir='ltr'><strong>a</strong></span> <span class='ocrx_word' id='word_1_223' title='bbox 2334 1458 2388 1496; x_wconf 91' lang='lat' dir='ltr'><strong>ci-</strong></span> 
     </span>
     <span class='ocr_line' id='line_1_19' title="bbox 305 1524 2391 1584; baseline 0.001 -15"><span class='ocrx_word' id='word_1_224' title='bbox 305 1531 424 1570; x_wconf 82' lang='lat' dir='ltr'><strong>vitate</strong></span> <span class='ocrx_word' id='word_1_225' title='bbox 451 1531 743 1569; x_wconf 88' lang='lat' dir='ltr'><strong>nominabantur</strong></span> <span class='ocrx_word' id='word_1_226' title='bbox 772 1530 879 1569; x_wconf 89' lang='lat' dir='ltr'><strong>cuius</strong></span> <span class='ocrx_word' id='word_1_227' title='bbox 907 1542 974 1569; x_wconf 86' lang='lat' dir='ltr'><strong>res</strong></span> <span class='ocrx_word' id='word_1_228' title='bbox 1004 1528 1128 1581; x_wconf 90' lang='lat' dir='ltr'><strong>aliquo</strong></span> <span class='ocrx_word' id='word_1_229' title='bbox 1158 1526 1269 1567; x_wconf 92' lang='lat' dir='ltr'><strong>modo</strong></span> <span class='ocrx_word' id='word_1_230' title='bbox 1299 1526 1502 1578; x_wconf 85' lang='lat' dir='ltr'><strong>curabant,</strong></span> <span class='ocrx_word' id='word_1_231' title='bbox 1541 1524 1610 1566; x_wconf 88' lang='lat' dir='ltr'><strong>sed</strong></span> <span class='ocrx_word' id='word_1_232' title='bbox 1647 1539 1670 1567; x_wconf 93' lang='lat' dir='ltr'><strong>a</strong></span> <span class='ocrx_word' id='word_1_233' title='bbox 1709 1539 1778 1567; x_wconf 87' lang='lat' dir='ltr'><strong>sua</strong></span> <span class='ocrx_word' id='word_1_234' title='bbox 1804 1527 1974 1583; x_wconf 89' lang='lat' dir='ltr'><strong>ipsorum</strong></span> <span class='ocrx_word' id='word_1_235' title='bbox 2009 1528 2145 1584; x_wconf 88' lang='lat' dir='ltr'><strong>patria.</strong></span> <span class='ocrx_word' id='word_1_236' title='bbox 2190 1562 2191 1565; x_wconf 19' lang='grc' dir='ltr'>η</span> <span class='ocrx_word' id='word_1_237' title='bbox 2217 1528 2277 1571; x_wconf 81' lang='lat' dir='ltr'><strong>Ita</strong></span> <span class='ocrx_word' id='word_1_238' title='bbox 2303 1529 2391 1573; x_wconf 85' lang='lat' dir='ltr'><strong>fieri</strong></span> 
     </span>
     <span class='ocr_line' id='line_1_20' title="bbox 308 1600 2388 1661; baseline -0.002 -18"><span class='ocrx_word' id='word_1_239' title='bbox 308 1605 476 1659; x_wconf 82' lang='lat' dir='ltr'><strong>Spartae</strong></span> <span class='ocrx_word' id='word_1_240' title='bbox 506 1605 671 1651; x_wconf 87' lang='lat' dir='ltr'><strong>solebat,</strong></span> <span class='ocrx_word' id='word_1_241' title='bbox 698 1604 765 1641; x_wconf 89' lang='lat' dir='ltr'><strong>ubi</strong></span> <span class='ocrx_word' id='word_1_242' title='bbox 803 1607 903 1640; x_wconf 90' lang='lat' dir='ltr'><strong>teste</strong></span> <span class='ocrx_word' id='word_1_243' title='bbox 931 1602 1131 1640; x_wconf 86' lang='lat' dir='ltr'><strong>Herodoto</strong></span> <span class='ocrx_word' id='word_1_244' title='bbox 1160 1601 1228 1641; x_wconf 81' lang='lat' dir='ltr'><strong>vl.</strong></span> <span class='ocrx_word' id='word_1_245' title='bbox 1263 1602 1319 1638; x_wconf 75' lang='lat'><strong>57</strong></span> <span class='ocrx_word' id='word_1_246' title='bbox 1353 1614 1376 1638; x_wconf 90' lang='lat' dir='ltr'><strong>a</strong></span> <span class='ocrx_word' id='word_1_247' title='bbox 1412 1601 1570 1654; x_wconf 80' lang='lat' dir='ltr'><strong>regibus</strong></span> <span class='ocrx_word' id='word_1_248' title='bbox 1606 1600 1770 1654; x_wconf 86' lang='lat' dir='ltr'><strong>proxeni</strong></span> <span class='ocrx_word' id='word_1_249' title='bbox 1798 1601 2038 1654; x_wconf 80' lang='lat' dir='ltr'><strong>creabantur,</strong></span> <span class='ocrx_word' id='word_1_250' title='bbox 2058 1615 2388 1661; x_wconf 66' lang='lat' dir='ltr'><strong>-quomm3,procu.</strong></span> 
     </span>
     <span class='ocr_line' id='line_1_21' title="bbox 308 1674 2387 1733; baseline 0 -15"><span class='ocrx_word' id='word_1_251' title='bbox 308 1678 410 1720; x_wconf 84' lang='lat' dir='ltr'><strong>ratio</strong></span> <span class='ocrx_word' id='word_1_252' title='bbox 438 1677 479 1716; x_wconf 88' lang='lat' dir='ltr'><strong>in</strong></span> <span class='ocrx_word' id='word_1_253' title='bbox 506 1675 766 1730; x_wconf 79' lang='lat' dir='ltr'><strong>hospitalitate</strong></span> <span class='ocrx_word' id='word_1_254' title='bbox 805 1675 943 1714; x_wconf 88' lang='lat' dir='ltr'><strong>tuenda</strong></span> <span class='ocrx_word' id='word_1_255' title='bbox 983 1675 1219 1728; x_wconf 91' lang='lat' dir='ltr'><strong>potissimum</strong></span> <span class='ocrx_word' id='word_1_256' title='bbox 1257 1676 1495 1713; x_wconf 85' lang='lat' dir='ltr'><strong>versabatur.</strong></span> <span class='ocrx_word' id='word_1_257' title='bbox 1558 1674 1664 1712; x_wconf 85' lang='lat' dir='ltr'><strong>Idem</strong></span> <span class='ocrx_word' id='word_1_258' title='bbox 1705 1675 1788 1713; x_wconf 85' lang='lat' dir='ltr'><strong>fere</strong></span> <span class='ocrx_word' id='word_1_259' title='bbox 1816 1675 2027 1714; x_wconf 85' lang='lat' dir='ltr'><strong>institutum</strong></span> <span class='ocrx_word' id='word_1_260' title='bbox 2053 1676 2218 1732; x_wconf 87' lang='lat' dir='ltr'><strong>Delphis</strong></span> <span class='ocrx_word' id='word_1_261' title='bbox 2246 1677 2387 1733; x_wconf 65' lang='lat' dir='ltr'><strong>fuisse,</strong></span> 
     </span>
     <span class='ocr_line' id='line_1_22' title="bbox 309 1747 2389 1806; baseline 0 -14"><span class='ocrx_word' id='word_1_262' title='bbox 309 1751 376 1793; x_wconf 88' lang='lat' dir='ltr'><strong>ubi</strong></span> <span class='ocrx_word' id='word_1_263' title='bbox 405 1764 520 1806; x_wconf 87' lang='lat' dir='ltr'><strong>saepe</strong></span> <span class='ocrx_word' id='word_1_264' title='bbox 550 1753 624 1790; x_wconf 91' lang='lat' dir='ltr'><strong>tam</strong></span> <span class='ocrx_word' id='word_1_265' title='bbox 652 1748 756 1789; x_wconf 92' lang='lat' dir='ltr'><strong>multi</strong></span> <span class='ocrx_word' id='word_1_266' title='bbox 783 1747 981 1804; x_wconf 89' lang='lat' dir='ltr'><strong>peregrini</strong></span> <span class='ocrx_word' id='word_1_267' title='bbox 1009 1747 1226 1802; x_wconf 86' lang='lat' dir='ltr'><strong>excipiendi</strong></span> <span class='ocrx_word' id='word_1_268' title='bbox 1254 1752 1386 1799; x_wconf 87' lang='lat' dir='ltr'><strong>erant,</strong></span> <span class='ocrx_word' id='word_1_269' title='bbox 1414 1747 1589 1788; x_wconf 88' lang='lat' dir='ltr'><strong>Meierus</strong></span> <span class='ocrx_word' id='word_1_270' title='bbox 1624 1748 1649 1787; x_wconf 93' lang='lat' dir='ltr'><strong>l.</strong></span> <span class='ocrx_word' id='word_1_271' title='bbox 1677 1748 1704 1788; x_wconf 90' lang='lat' dir='ltr'><strong>l.</strong></span> <span class='ocrx_word' id='word_1_272' title='bbox 1732 1762 1769 1802; x_wconf 89' lang='lat' dir='ltr'><strong>p.</strong></span> <span class='ocrx_word' id='word_1_273' title='bbox 1804 1752 1832 1787; x_wconf 93' lang='lat'><strong>6</strong></span> <span class='ocrx_word' id='word_1_274' title='bbox 1869 1750 2064 1801; x_wconf 80' lang='lat' dir='ltr'><strong>sagaciter</strong></span> <span class='ocrx_word' id='word_1_275' title='bbox 2104 1765 2154 1789; x_wconf 87' lang='lat' dir='ltr'><strong>ex</strong></span> <span class='ocrx_word' id='word_1_276' title='bbox 2179 1752 2276 1791; x_wconf 80' lang='lat' dir='ltr'><strong>locis</strong></span> <span class='ocrx_word' id='word_1_277' title='bbox 2307 1753 2389 1805; x_wconf 88' lang='lat' dir='ltr'><strong>qui-</strong></span> 
     </span>
     <span class='ocr_line' id='line_1_23' title="bbox 310 1818 2389 1880; baseline 0.001 -16"><span class='ocrx_word' id='word_1_278' title='bbox 310 1823 469 1865; x_wconf 89' lang='lat' dir='ltr'><strong>busdam</strong></span> <span class='ocrx_word' id='word_1_279' title='bbox 497 1824 558 1878; x_wconf 90' lang='lat' dir='ltr'><strong>qui</strong></span> <span class='ocrx_word' id='word_1_280' title='bbox 587 1826 675 1863; x_wconf 91' lang='lat' dir='ltr'><strong>sunt</strong></span> <span class='ocrx_word' id='word_1_281' title='bbox 702 1823 742 1862; x_wconf 91' lang='lat' dir='ltr'><strong>in</strong></span> <span class='ocrx_word' id='word_1_282' title='bbox 770 1821 966 1877; x_wconf 89' lang='lat' dir='ltr'><strong>Euripidis</strong></span> <span class='ocrx_word' id='word_1_283' title='bbox 994 1820 1095 1862; x_wconf 84' lang='lat' dir='ltr'><strong>Jone</strong></span> <span class='ocrx_word' id='word_1_284' title='bbox 1123 1818 1162 1861; x_wconf 85' lang='lat' dir='ltr'><strong>et</strong></span> <span class='ocrx_word' id='word_1_285' title='bbox 1188 1820 1456 1862; x_wconf 84' lang='lat' dir='ltr'><strong>Andromache</strong></span> <span class='ocrx_word' id='word_1_286' title='bbox 1485 1820 1654 1875; x_wconf 84' lang='lat' dir='ltr'><strong>collegit.</strong></span> <span class='ocrx_word' id='word_1_287' title='bbox 1707 1820 1841 1876; x_wconf 85' lang='lat' dir='ltr'><strong>Neque</strong></span> <span class='ocrx_word' id='word_1_288' title='bbox 1870 1822 1980 1863; x_wconf 88' lang='lat' dir='ltr'><strong>aliter</strong></span> <span class='ocrx_word' id='word_1_289' title='bbox 2009 1823 2055 1864; x_wconf 92' lang='lat' dir='ltr'><strong>de</strong></span> <span class='ocrx_word' id='word_1_290' title='bbox 2082 1838 2255 1880; x_wconf 81' lang='lat' dir='ltr'><strong>proxeno</strong></span> <span class='ocrx_word' id='word_1_291' title='bbox 2278 1825 2389 1867; x_wconf 88' lang='lat' dir='ltr'><strong>The-</strong></span> 
     </span>
     <span class='ocr_line' id='line_1_24' title="bbox 309 1895 2388 1956; baseline 0.001 -17"><span class='ocrx_word' id='word_1_292' title='bbox 309 1899 408 1940; x_wconf 90' lang='lat' dir='ltr'><strong>bano</strong></span> <span class='ocrx_word' id='word_1_293' title='bbox 451 1898 605 1952; x_wconf 86' lang='lat' dir='ltr'><strong>collegii</strong></span> <span class='ocrx_word' id='word_1_294' title='bbox 643 1896 830 1936; x_wconf 87' lang='lat' dir='ltr'><strong>artificum</strong></span> <span class='ocrx_word' id='word_1_295' title='bbox 858 1896 1181 1950; x_wconf 86' lang='lat' dir='ltr'><strong>Dionysiacorum</strong></span> <span class='ocrx_word' id='word_1_296' title='bbox 1217 1896 1455 1937; x_wconf 87' lang='lat' dir='ltr'><strong>statuendum</strong></span> <span class='ocrx_word' id='word_1_297' title='bbox 1488 1895 1650 1937; x_wconf 86' lang='lat' dir='ltr'><strong>videtur.</strong></span> <span class='ocrx_word' id='word_1_298' title='bbox 1718 1895 1799 1956; x_wconf 27' lang='lat' dir='ltr'><strong>‚Qui</strong></span> <span class='ocrx_word' id='word_1_299' title='bbox 1833 1897 1944 1938; x_wconf 91' lang='lat' dir='ltr'><strong>homo</strong></span> <span class='ocrx_word' id='word_1_300' title='bbox 1986 1902 2050 1938; x_wconf 86' lang='lat' dir='ltr'><strong>aut</strong></span> <span class='ocrx_word' id='word_1_301' title='bbox 2083 1899 2236 1940; x_wconf 87' lang='lat' dir='ltr'><strong>iubente</strong></span> <span class='ocrx_word' id='word_1_302' title='bbox 2265 1900 2388 1955; x_wconf 90' lang='lat' dir='ltr'><strong>aliquo</strong></span> 
     </span>
     <span class='ocr_line' id='line_1_25' title="bbox 310 1970 2388 2025; baseline 0 -12"><span class='ocrx_word' id='word_1_303' title='bbox 310 1973 585 2013; x_wconf 88' lang='lat' dir='ltr'><strong>Thebanorum</strong></span> <span class='ocrx_word' id='word_1_304' title='bbox 612 1972 839 2025; x_wconf 86' lang='lat' dir='ltr'><strong>magistratu</strong></span> <span class='ocrx_word' id='word_1_305' title='bbox 867 1971 906 2010; x_wconf 89' lang='lat' dir='ltr'><strong>id</strong></span> <span class='ocrx_word' id='word_1_306' title='bbox 933 1971 973 2010; x_wconf 94' lang='lat' dir='ltr'><strong>in</strong></span> <span class='ocrx_word' id='word_1_307' title='bbox 1002 1984 1045 2010; x_wconf 88' lang='lat' dir='ltr'><strong>se</strong></span> <span class='ocrx_word' id='word_1_308' title='bbox 1072 1977 1288 2025; x_wconf 88' lang='lat' dir='ltr'><strong>receperat,</strong></span> <span class='ocrx_word' id='word_1_309' title='bbox 1317 1975 1358 2010; x_wconf 92' lang='lat' dir='ltr'><strong>ut</strong></span> <span class='ocrx_word' id='word_1_310' title='bbox 1384 1971 1552 2024; x_wconf 88' lang='lat' dir='ltr'><strong>hospitio</strong></span> <span class='ocrx_word' id='word_1_311' title='bbox 1590 1970 1740 2023; x_wconf 89' lang='lat' dir='ltr'><strong>publico</strong></span> <span class='ocrx_word' id='word_1_312' title='bbox 1777 1971 2011 2022; x_wconf 80' lang='lat' dir='ltr'><strong>histriones,</strong></span> <span class='ocrx_word' id='word_1_313' title='bbox 2047 1974 2196 2025; x_wconf 87' lang='lat' dir='ltr'><strong>quoties</strong></span> <span class='ocrx_word' id='word_1_314' title='bbox 2225 1974 2388 2015; x_wconf 84' lang='lat' dir='ltr'><strong>Thebas</strong></span> 
     </span>
     <span class='ocr_line' id='line_1_26' title="bbox 309 2043 2389 2100; baseline 0 -13"><span class='ocrx_word' id='word_1_315' title='bbox 309 2046 595 2096; x_wconf 91' lang='lat' dir='ltr'><strong>convenissent,</strong></span> <span class='ocrx_word' id='word_1_316' title='bbox 624 2043 835 2100; x_wconf 85' lang='lat' dir='ltr'><strong>exciperet,</strong></span> <span class='ocrx_word' id='word_1_317' title='bbox 865 2048 941 2095; x_wconf 91' lang='lat' dir='ltr'><strong>aut,</strong></span> <span class='ocrx_word' id='word_1_318' title='bbox 971 2043 1071 2098; x_wconf 91' lang='lat' dir='ltr'><strong>quod</strong></span> <span class='ocrx_word' id='word_1_319' title='bbox 1099 2043 1320 2084; x_wconf 89' lang='lat' dir='ltr'><strong>credibilius</strong></span> <span class='ocrx_word' id='word_1_320' title='bbox 1350 2048 1426 2095; x_wconf 88' lang='lat' dir='ltr'><strong>est,</strong></span> <span class='ocrx_word' id='word_1_321' title='bbox 1454 2044 1672 2098; x_wconf 87' lang='lat' dir='ltr'><strong>petentibus</strong></span> <span class='ocrx_word' id='word_1_322' title='bbox 1701 2044 1797 2099; x_wconf 91' lang='lat' dir='ltr'><strong>ipsis</strong></span> <span class='ocrx_word' id='word_1_323' title='bbox 1840 2045 2045 2086; x_wconf 87' lang='lat' dir='ltr'><strong>artificibus</strong></span> <span class='ocrx_word' id='word_1_324' title='bbox 2074 2045 2114 2086; x_wconf 90' lang='lat' dir='ltr'><strong>id</strong></span> <span class='ocrx_word' id='word_1_325' title='bbox 2142 2046 2300 2087; x_wconf 85' lang='lat' dir='ltr'><strong>dederat</strong></span> <span class='ocrx_word' id='word_1_326' title='bbox 2326 2048 2389 2089; x_wconf 87' lang='lat' dir='ltr'><strong>vel</strong></span> 
     </span>
     <span class='ocr_line' id='line_1_27' title="bbox 310 2118 2388 2176; baseline 0 -15"><span class='ocrx_word' id='word_1_327' title='bbox 310 2133 380 2161; x_wconf 86' lang='lat' dir='ltr'><strong>sua</strong></span> <span class='ocrx_word' id='word_1_328' title='bbox 409 2124 545 2175; x_wconf 88' lang='lat' dir='ltr'><strong>sponte</strong></span> <span class='ocrx_word' id='word_1_329' title='bbox 582 2119 752 2168; x_wconf 82' lang='lat' dir='ltr'><strong>fecerat3</strong></span> <span class='ocrx_word' id='word_1_330' title='bbox 794 2132 880 2158; x_wconf 89' lang='lat' dir='ltr'><strong>nam</strong></span> <span class='ocrx_word' id='word_1_331' title='bbox 917 2119 1029 2158; x_wconf 91' lang='lat' dir='ltr'><strong>etiam</strong></span> <span class='ocrx_word' id='word_1_332' title='bbox 1068 2119 1124 2159; x_wconf 91' lang='lat' dir='ltr'><strong>sic</strong></span> <span class='ocrx_word' id='word_1_333' title='bbox 1153 2132 1283 2158; x_wconf 91' lang='lat' dir='ltr'><strong>eorum</strong></span> <span class='ocrx_word' id='word_1_334' title='bbox 1310 2131 1530 2172; x_wconf 84' lang='lat' dir='ltr'><strong>proxenus,</strong></span> <span class='ocrx_word' id='word_1_335' title='bbox 1559 2118 1585 2158; x_wconf 93' lang='lat' dir='ltr'><strong>i.</strong></span> <span class='ocrx_word' id='word_1_336' title='bbox 1625 2132 1660 2158; x_wconf 90' lang='lat' dir='ltr'><strong>e.</strong></span> <span class='ocrx_word' id='word_1_337' title='bbox 1695 2119 1868 2173; x_wconf 89' lang='lat' dir='ltr'><strong>privatus</strong></span> <span class='ocrx_word' id='word_1_338' title='bbox 1902 2120 2195 2174; x_wconf 87' lang='lat' dir='ltr'><strong>peregrinorum</strong></span> <span class='ocrx_word' id='word_1_339' title='bbox 2228 2122 2388 2176; x_wconf 89' lang='lat' dir='ltr'><strong>hospes,</strong></span> 
     </span>
     <span class='ocr_line' id='line_1_28' title="bbox 309 2191 2391 2251; baseline 0.001 -17"><span class='ocrx_word' id='word_1_340' title='bbox 309 2193 384 2234; x_wconf 90' lang='lat' dir='ltr'><strong>dici</strong></span> <span class='ocrx_word' id='word_1_341' title='bbox 410 2194 545 2249; x_wconf 89' lang='lat' dir='ltr'><strong>potuit,</strong></span> <span class='ocrx_word' id='word_1_342' title='bbox 573 2206 609 2233; x_wconf 86' lang='lat' dir='ltr'><strong>v.</strong></span> <span class='ocrx_word' id='word_1_343' title='bbox 635 2192 778 2232; x_wconf 87' lang='lat' dir='ltr'><strong>Meier.</strong></span> <span class='ocrx_word' id='word_1_344' title='bbox 807 2206 844 2248; x_wconf 92' lang='lat' dir='ltr'><strong>p.</strong></span> <span class='ocrx_word' id='word_1_345' title='bbox 872 2194 911 2233; x_wconf 71' lang='lat'><strong>7.</strong></span> <span class='ocrx_word' id='word_1_346' title='bbox 939 2192 1190 2233; x_wconf 85' lang='lat' dir='ltr'><strong>Manifestum</strong></span> <span class='ocrx_word' id='word_1_347' title='bbox 1217 2205 1312 2232; x_wconf 87' lang='lat' dir='ltr'><strong>vero</strong></span> <span class='ocrx_word' id='word_1_348' title='bbox 1342 2196 1416 2244; x_wconf 87' lang='lat' dir='ltr'><strong>est,</strong></span> <span class='ocrx_word' id='word_1_349' title='bbox 1446 2191 1523 2232; x_wconf 83' lang='lat' dir='ltr'><strong>tale</strong></span> <span class='ocrx_word' id='word_1_350' title='bbox 1552 2191 1767 2233; x_wconf 88' lang='lat' dir='ltr'><strong>sodalitium</strong></span> <span class='ocrx_word' id='word_1_351' title='bbox 1794 2206 1873 2235; x_wconf 91' lang='lat' dir='ltr'><strong>non</strong></span> <span class='ocrx_word' id='word_1_352' title='bbox 1899 2193 2082 2235; x_wconf 89' lang='lat' dir='ltr'><strong>habuisse</strong></span> <span class='ocrx_word' id='word_1_353' title='bbox 2111 2194 2209 2248; x_wconf 91' lang='lat' dir='ltr'><strong>quod</strong></span> <span class='ocrx_word' id='word_1_354' title='bbox 2235 2200 2391 2251; x_wconf 90' lang='lat' dir='ltr'><strong>praeter</strong></span> 
     </span>
     <span class='ocr_line' id='line_1_29' title="bbox 308 2263 2388 2325; baseline 0.001 -16"><span class='ocrx_word' id='word_1_355' title='bbox 308 2269 461 2309; x_wconf 90' lang='lat' dir='ltr'><strong>nomina</strong></span> <span class='ocrx_word' id='word_1_356' title='bbox 488 2265 694 2322; x_wconf 83' lang='grc' dir='ltr'><em>προξένου</em></span> <span class='ocrx_word' id='word_1_357' title='bbox 721 2265 793 2308; x_wconf 81' lang='grc' dir='ltr'><em>καὶ</em></span> <span class='ocrx_word' id='word_1_358' title='bbox 821 2263 1041 2322; x_wconf 80' lang='grc' dir='ltr'><em>εὐεργέτου</em></span> <span class='ocrx_word' id='word_1_359' title='bbox 1069 2268 1146 2308; x_wconf 87' lang='lat' dir='ltr'><strong>filio</strong></span> <span class='ocrx_word' id='word_1_360' title='bbox 1167 2267 1360 2322; x_wconf 86' lang='lat' dir='ltr'><strong>Zeuxippi</strong></span> <span class='ocrx_word' id='word_1_361' title='bbox 1389 2266 1569 2307; x_wconf 84' lang='lat' dir='ltr'><strong>deferret.</strong></span> <span class='ocrx_word' id='word_1_362' title='bbox 1623 2266 1670 2307; x_wconf 91' lang='lat' dir='ltr'><strong>In</strong></span> <span class='ocrx_word' id='word_1_363' title='bbox 1695 2267 1870 2307; x_wconf 89' lang='lat' dir='ltr'><strong>formulis</strong></span> <span class='ocrx_word' id='word_1_364' title='bbox 1901 2268 2133 2309; x_wconf 86' lang='lat' dir='ltr'><strong>solemnibus</strong></span> <span class='ocrx_word' id='word_1_365' title='bbox 2162 2270 2217 2323; x_wconf 92' lang='lat' dir='ltr'><strong>(v.</strong></span> <span class='ocrx_word' id='word_1_366' title='bbox 2245 2272 2388 2325; x_wconf 72' lang='grc' dir='ltr'><strong>5-Ὁ</strong></span> 
     </span>
     <span class='ocr_line' id='line_1_30' title="bbox 308 2340 2389 2401; baseline 0 -18"><span class='ocrx_word' id='word_1_367' title='bbox 308 2356 346 2383; x_wconf 84' lang='lat' dir='ltr'><strong>v.</strong></span> <span class='ocrx_word' id='word_1_368' title='bbox 373 2344 402 2382; x_wconf 84' lang='lat'><strong>6</strong></span> <span class='ocrx_word' id='word_1_369' title='bbox 427 2356 471 2382; x_wconf 89' lang='grc' dir='ltr'><strong>τε</strong></span> <span class='ocrx_word' id='word_1_370' title='bbox 498 2342 582 2382; x_wconf 88' lang='lat' dir='ltr'><strong>loco</strong></span> <span class='ocrx_word' id='word_1_371' title='bbox 610 2343 774 2398; x_wconf 89' lang='lat' dir='ltr'><strong>positum</strong></span> <span class='ocrx_word' id='word_1_372' title='bbox 803 2348 864 2383; x_wconf 89' lang='lat' dir='ltr'><strong>est</strong></span> <span class='ocrx_word' id='word_1_373' title='bbox 890 2357 968 2383; x_wconf 92' lang='lat' dir='ltr'><strong>non</strong></span> <span class='ocrx_word' id='word_1_374' title='bbox 997 2356 1079 2383; x_wconf 89' lang='lat' dir='ltr'><strong>suo.</strong></span> <span class='ocrx_word' id='word_1_375' title='bbox 1134 2341 1365 2382; x_wconf 86' lang='lat' dir='ltr'><strong>Accuratius</strong></span> <span class='ocrx_word' id='word_1_376' title='bbox 1394 2342 1429 2381; x_wconf 93' lang='lat' dir='ltr'><strong>is</strong></span> <span class='ocrx_word' id='word_1_377' title='bbox 1459 2342 1520 2393; x_wconf 91' lang='lat' dir='ltr'><strong>qui</strong></span> <span class='ocrx_word' id='word_1_378' title='bbox 1547 2341 1693 2381; x_wconf 90' lang='lat' dir='ltr'><strong>titulum</strong></span> <span class='ocrx_word' id='word_1_379' title='bbox 1722 2342 1986 2393; x_wconf 86' lang='lat' dir='ltr'><strong>concinnavit,</strong></span> <span class='ocrx_word' id='word_1_380' title='bbox 2023 2342 2195 2383; x_wconf 87' lang='lat' dir='ltr'><strong>dedisset</strong></span> <span class='ocrx_word' id='word_1_381' title='bbox 2235 2340 2389 2401; x_wconf 73' lang='grc' dir='ltr'><em>ἀρετῆς</em></span> 
     </span>
     <span class='ocr_line' id='line_1_31' title="bbox 310 2410 2387 2487; baseline 0.001 -30"><span class='ocrx_word' id='word_1_382' title='bbox 310 2428 356 2457; x_wconf 90' lang='grc' dir='ltr'><strong>τε</strong></span> <span class='ocrx_word' id='word_1_383' title='bbox 373 2413 492 2457; x_wconf 79' lang='grc' dir='ltr'><em>ἕνεκα</em></span> <span class='ocrx_word' id='word_1_384' title='bbox 520 2414 591 2457; x_wconf 82' lang='grc' dir='ltr'><em>καὶ</em></span> <span class='ocrx_word' id='word_1_385' title='bbox 608 2411 785 2487; x_wconf 77' lang='grc' dir='ltr'><em>εὐνοίας,</em></span> <span class='ocrx_word' id='word_1_386' title='bbox 816 2410 866 2471; x_wconf 76' lang='grc' dir='ltr'><strong>ἣν</strong></span> <span class='ocrx_word' id='word_1_387' title='bbox 891 2412 995 2467; x_wconf 73' lang='grc' dir='ltr'><em>ἔχων</em></span> <span class='ocrx_word' id='word_1_388' title='bbox 1017 2414 1203 2457; x_wconf 84' lang='grc' dir='ltr'><em>διατελεῖ</em></span> <span class='ocrx_word' id='word_1_389' title='bbox 1231 2412 1295 2463; x_wconf 75' lang='grc' dir='ltr'><em>εἷς</em></span> <span class='ocrx_word' id='word_1_390' title='bbox 1319 2412 1419 2462; x_wconf 79' lang='grc' dir='ltr'><em>τοὺς</em></span> <span class='ocrx_word' id='word_1_391' title='bbox 1445 2411 1644 2466; x_wconf 76' lang='grc' dir='ltr'><em>τεχνίτας,</em></span> <span class='ocrx_word' id='word_1_392' title='bbox 1673 2412 1745 2455; x_wconf 80' lang='grc' dir='ltr'><em>καὶ</em></span> <span class='ocrx_word' id='word_1_393' title='bbox 1764 2410 1982 2468; x_wconf 78' lang='grc' dir='ltr'><em>εὐσεβείας</em></span> <span class='ocrx_word' id='word_1_394' title='bbox 2005 2418 2082 2471; x_wconf 80' lang='grc' dir='ltr'><strong>τῆς</strong></span> <span class='ocrx_word' id='word_1_395' title='bbox 2094 2416 2157 2465; x_wconf 87' lang='grc' dir='ltr'><em>εἷς</em></span> <span class='ocrx_word' id='word_1_396' title='bbox 2181 2415 2387 2461; x_wconf 73' lang='grc' dir='ltr'><em>τὸνθεόν.</em></span> 
     </span>
     <span class='ocr_line' id='line_1_32' title="bbox 311 2486 2385 2545; baseline 0.002 -14"><span class='ocrx_word' id='word_1_397' title='bbox 311 2486 432 2531; x_wconf 82' lang='lat' dir='ltr'><strong>Sed‘</strong></span> <span class='ocrx_word' id='word_1_398' title='bbox 418 2505 467 2544; x_wconf 89' lang='grc' dir='ltr'><strong>ην</strong></span> <span class='ocrx_word' id='word_1_399' title='bbox 494 2487 596 2540; x_wconf 71' lang='grc' dir='ltr'><em>ἔχων</em></span> <span class='ocrx_word' id='word_1_400' title='bbox 624 2490 809 2532; x_wconf 84' lang='grc' dir='ltr'><em>διατελεῖ</em></span> <span class='ocrx_word' id='word_1_401' title='bbox 837 2487 900 2539; x_wconf 82' lang='grc' dir='ltr'><strong>είς</strong></span> <span class='ocrx_word' id='word_1_402' title='bbox 925 2504 971 2531; x_wconf 91' lang='grc' dir='ltr'><strong>τε</strong></span> <span class='ocrx_word' id='word_1_403' title='bbox 998 2488 1099 2538; x_wconf 77' lang='grc' dir='ltr'><strong>τοίς</strong></span> <span class='ocrx_word' id='word_1_404' title='bbox 1123 2486 1311 2541; x_wconf 87' lang='grc' dir='ltr'><em>τεχνίτας</em></span> <span class='ocrx_word' id='word_1_405' title='bbox 1349 2488 1485 2530; x_wconf 85' lang='lat' dir='ltr'><strong>dictum</strong></span> <span class='ocrx_word' id='word_1_406' title='bbox 1522 2494 1583 2530; x_wconf 87' lang='lat' dir='ltr'><strong>est</strong></span> <span class='ocrx_word' id='word_1_407' title='bbox 1621 2494 1795 2544; x_wconf 90' lang='lat' dir='ltr'><strong>tanquam</strong></span> <span class='ocrx_word' id='word_1_408' title='bbox 1837 2497 2064 2545; x_wconf 89' lang='lat' dir='ltr'><strong>sequeretur</strong></span> <span class='ocrx_word' id='word_1_409' title='bbox 2103 2497 2246 2533; x_wconf 88' lang='lat' dir='ltr'><strong>tantum</strong></span> <span class='ocrx_word' id='word_1_410' title='bbox 2274 2494 2385 2536; x_wconf 91' lang='lat' dir='ltr'><strong>modo</strong></span> 
     </span>
     <span class='ocr_line' id='line_1_33' title="bbox 311 2559 2389 2622; baseline 0.003 -20"><span class='ocrx_word' id='word_1_411' title='bbox 311 2561 384 2603; x_wconf 83' lang='grc' dir='ltr'><em>καὶ</em></span> <span class='ocrx_word' id='word_1_412' title='bbox 411 2562 482 2603; x_wconf 89' lang='grc' dir='ltr'><strong>τὸν</strong></span> <span class='ocrx_word' id='word_1_413' title='bbox 508 2560 613 2604; x_wconf 73' lang='grc' dir='ltr'><em>θεόν</em></span> <span class='ocrx_word' id='word_1_414' title='bbox 641 2570 679 2604; x_wconf 89' lang='lat' dir='ltr'><strong>et</strong></span> <span class='ocrx_word' id='word_1_415' title='bbox 705 2579 942 2620; x_wconf 86' lang='lat' dir='ltr'><strong>praegressa</strong></span> <span class='ocrx_word' id='word_1_416' title='bbox 966 2566 1041 2604; x_wconf 84' lang='lat' dir='ltr'><strong>iam</strong></span> <span class='ocrx_word' id='word_1_417' title='bbox 1071 2579 1186 2620; x_wconf 89' lang='lat' dir='ltr'><strong>supra</strong></span> <span class='ocrx_word' id='word_1_418' title='bbox 1212 2565 1333 2605; x_wconf 85' lang='lat' dir='ltr'><strong>verba</strong></span> <span class='ocrx_word' id='word_1_419' title='bbox 1360 2568 1492 2604; x_wconf 89' lang='lat' dir='ltr'><strong>essent</strong></span> <span class='ocrx_word' id='word_1_420' title='bbox 1520 2559 1737 2616; x_wconf 79' lang='grc' dir='ltr'><em>εὐσεβείας</em></span> <span class='ocrx_word' id='word_1_421' title='bbox 1764 2562 1885 2606; x_wconf 73' lang='grc' dir='ltr'><em>ἕνεκα</em></span> <span class='ocrx_word' id='word_1_422' title='bbox 1913 2566 2024 2606; x_wconf 90' lang='lat' dir='ltr'><strong>simul</strong></span> <span class='ocrx_word' id='word_1_423' title='bbox 2050 2579 2131 2606; x_wconf 91' lang='lat' dir='ltr'><strong>cum</strong></span> <span class='ocrx_word' id='word_1_424' title='bbox 2159 2567 2268 2607; x_wconf 91' lang='lat' dir='ltr'><strong>illis:</strong></span> <span class='ocrx_word' id='word_1_425' title='bbox 2289 2562 2389 2622; x_wconf 75' lang='grc' dir='ltr'><em>ἄρε-</em></span> 
     </span>
     <span class='ocr_line' id='line_1_34' title="bbox 311 2635 2389 2695; baseline 0.001 -17"><span class='ocrx_word' id='word_1_426' title='bbox 311 2638 387 2691; x_wconf 87' lang='grc' dir='ltr'><strong>τῆς</strong></span> <span class='ocrx_word' id='word_1_427' title='bbox 426 2635 561 2677; x_wconf 75' lang='grc' dir='ltr'><em>ἕνεκεν</em></span> <span class='ocrx_word' id='word_1_428' title='bbox 589 2637 661 2678; x_wconf 77' lang='grc' dir='ltr'><em>καὶ</em></span> <span class='ocrx_word' id='word_1_429' title='bbox 688 2635 866 2687; x_wconf 67' lang='grc' dir='ltr'><em>εὐνοίας.</em></span> <span class='ocrx_word' id='word_1_430' title='bbox 942 2639 1194 2694; x_wconf 85' lang='lat' dir='ltr'><strong>Hyperbaton</strong></span> <span class='ocrx_word' id='word_1_431' title='bbox 1228 2638 1437 2694; x_wconf 88' lang='lat' dir='ltr'><strong>particulae</strong></span> <span class='ocrx_word' id='word_1_432' title='bbox 1473 2652 1549 2678; x_wconf 91' lang='lat' dir='ltr'><strong>non</strong></span> <span class='ocrx_word' id='word_1_433' title='bbox 1585 2638 1770 2679; x_wconf 90' lang='lat' dir='ltr'><strong>dissimile</strong></span> <span class='ocrx_word' id='word_1_434' title='bbox 1805 2639 2012 2680; x_wconf 90' lang='lat' dir='ltr'><strong>haberetur</strong></span> <span class='ocrx_word' id='word_1_435' title='bbox 2037 2641 2077 2680; x_wconf 91' lang='lat' dir='ltr'><strong>in</strong></span> <span class='ocrx_word' id='word_1_436' title='bbox 2106 2641 2213 2681; x_wconf 90' lang='lat' dir='ltr'><strong>titulo</strong></span> <span class='ocrx_word' id='word_1_437' title='bbox 2241 2640 2389 2695; x_wconf 89' lang='lat' dir='ltr'><strong>Attico,</strong></span> 
     </span>
     <span class='ocr_line' id='line_1_35' title="bbox 310 2709 2388 2769; baseline 0.002 -17"><span class='ocrx_word' id='word_1_438' title='bbox 310 2725 420 2767; x_wconf 91' lang='lat' dir='ltr'><strong>quem</strong></span> <span class='ocrx_word' id='word_1_439' title='bbox 451 2709 671 2753; x_wconf 89' lang='lat' dir='ltr'><strong>Clarisseus</strong></span> <span class='ocrx_word' id='word_1_440' title='bbox 701 2713 817 2753; x_wconf 88' lang='lat' dir='ltr'><strong>edidit</strong></span> <span class='ocrx_word' id='word_1_441' title='bbox 845 2713 1088 2768; x_wconf 86' lang='lat' dir='ltr'><strong>(Explicatur</strong></span> <span class='ocrx_word' id='word_1_442' title='bbox 1114 2712 1405 2768; x_wconf 89' lang='lat' dir='ltr'><strong>inscriptionum</strong></span> <span class='ocrx_word' id='word_1_443' title='bbox 1434 2711 1666 2753; x_wconf 88' lang='lat' dir='ltr'><strong>Graecarum</strong></span> <span class='ocrx_word' id='word_1_444' title='bbox 1693 2727 1778 2769; x_wconf 89' lang='lat' dir='ltr'><strong>par,</strong></span> <span class='ocrx_word' id='word_1_445' title='bbox 1805 2714 1937 2769; x_wconf 84' lang='lat' dir='ltr'><strong>Lugd.</strong></span> <span class='ocrx_word' id='word_1_446' title='bbox 1979 2714 2067 2755; x_wconf 84' lang='lat' dir='ltr'><strong>Bat.</strong></span> <span class='ocrx_word' id='word_1_447' title='bbox 2095 2714 2388 2769; x_wconf 87' lang='lat' dir='ltr'>MDCCCXL)</span> 
     </span>
     <span class='ocr_line' id='line_1_36' title="bbox 309 2782 2387 2842; baseline 0.002 -16"><span class='ocrx_word' id='word_1_448' title='bbox 309 2799 347 2826; x_wconf 75' lang='lat' dir='ltr'><strong>V.</strong></span> <span class='ocrx_word' id='word_1_449' title='bbox 377 2788 430 2826; x_wconf 78' lang='lat'><strong>1³</strong></span> <span class='ocrx_word' id='word_1_450' title='bbox 458 2799 495 2840; x_wconf 91' lang='lat' dir='ltr'><strong>p.</strong></span> <span class='ocrx_word' id='word_1_451' title='bbox 524 2788 577 2824; x_wconf 80' lang='lat'><strong>20</strong></span> <span class='ocrx_word' id='word_1_452' title='bbox 604 2791 642 2825; x_wconf 88' lang='lat' dir='ltr'><strong>et</strong></span> <span class='ocrx_word' id='word_1_453' title='bbox 668 2800 705 2841; x_wconf 91' lang='lat' dir='ltr'><strong>p.</strong></span> <span class='ocrx_word' id='word_1_454' title='bbox 733 2789 784 2826; x_wconf 83' lang='lat'><strong>21</strong></span> <span class='ocrx_word' id='word_1_455' title='bbox 815 2802 824 2826; x_wconf 73' lang='grc' dir='ltr'><strong>ι</strong></span> <span class='ocrx_word' id='word_1_456' title='bbox 856 2782 1022 2840; x_wconf 77' lang='grc' dir='ltr'><em>ἀγαθὸν</em></span> <span class='ocrx_word' id='word_1_457' title='bbox 1051 2785 1089 2839; x_wconf 83' lang='grc' dir='ltr'><strong>ὅ,</strong></span> <span class='ocrx_word' id='word_1_458' title='bbox 1118 2801 1161 2828; x_wconf 91' lang='grc' dir='ltr'><strong>τι</strong></span> <span class='ocrx_word' id='word_1_459' title='bbox 1189 2783 1382 2837; x_wconf 79' lang='grc' dir='ltr'><em>ὁίναται[</em></span> <span class='ocrx_word' id='word_1_460' title='bbox 1417 2787 1530 2826; x_wconf 82' lang='grc' dir='ltr'><em>ποιῶ</em></span> <span class='ocrx_word' id='word_1_461' title='bbox 1548 2788 1565 2839; x_wconf 82' lang='grc' dir='ltr'><strong>ΙΙ</strong></span> <span class='ocrx_word' id='word_1_462' title='bbox 1584 2802 1605 2827; x_wconf 93' lang='grc' dir='ltr'><strong>ν</strong></span> <span class='ocrx_word' id='word_1_463' title='bbox 1647 2786 1850 2839; x_wconf 80' lang='grc' dir='ltr'><em>διατελε]ῖ</em></span> <span class='ocrx_word' id='word_1_464' title='bbox 1883 2802 1929 2828; x_wconf 84' lang='grc' dir='ltr'><strong>τε</strong></span> <span class='ocrx_word' id='word_1_465' title='bbox 1964 2784 2075 2842; x_wconf 79' lang='grc' dir='ltr'><em>ὑπὲρ</em></span> <span class='ocrx_word' id='word_1_466' title='bbox 2112 2788 2186 2842; x_wconf 84' lang='grc' dir='ltr'><strong>τῆς</strong></span> <span class='ocrx_word' id='word_1_467' title='bbox 2221 2784 2387 2839; x_wconf 84' lang='grc' dir='ltr'><em>πόλεως</em></span> 
     </span>
     <span class='ocr_line' id='line_1_37' title="bbox 308 2856 2386 2920; baseline 0.003 -20"><span class='ocrx_word' id='word_1_468' title='bbox 308 2858 398 2912; x_wconf 82' lang='grc' dir='ltr'><em>κα[ὶ</em></span> <span class='ocrx_word' id='word_1_469' title='bbox 425 2861 443 2914; x_wconf 85' lang='grc' dir='ltr'>Η</span> <span class='ocrx_word' id='word_1_470' title='bbox 470 2872 528 2901; x_wconf 90' lang='grc' dir='ltr'><strong>ασ</strong></span> <span class='ocrx_word' id='word_1_471' title='bbox 553 2860 629 2900; x_wconf 87' lang='grc' dir='ltr'><strong>τοῦ</strong></span> <span class='ocrx_word' id='word_1_472' title='bbox 656 2860 752 2915; x_wconf 85' lang='lat' dir='ltr'><strong>(leg.</strong></span> <span class='ocrx_word' id='word_1_473' title='bbox 782 2856 977 2913; x_wconf 80' lang='grc' dir='ltr'><em>ἑκάστου)</em></span> <span class='ocrx_word' id='word_1_474' title='bbox 1002 2856 1252 2916; x_wconf 73' lang='grc' dir='ltr'><em>Ἀθηναίων,</em></span> <span class='ocrx_word' id='word_1_475' title='bbox 1283 2862 1319 2902; x_wconf 85' lang='lat' dir='ltr'><strong>si</strong></span> <span class='ocrx_word' id='word_1_476' title='bbox 1345 2860 1440 2901; x_wconf 87' lang='lat' dir='ltr'><strong>haec</strong></span> <span class='ocrx_word' id='word_1_477' title='bbox 1467 2860 1521 2903; x_wconf 87' lang='lat' dir='ltr'><strong>ita</strong></span> <span class='ocrx_word' id='word_1_478' title='bbox 1547 2863 1587 2904; x_wconf 90' lang='lat' dir='ltr'><strong>in</strong></span> <span class='ocrx_word' id='word_1_479' title='bbox 1613 2862 1739 2918; x_wconf 86' lang='lat' dir='ltr'><strong>lapide</strong></span> <span class='ocrx_word' id='word_1_480' title='bbox 1769 2863 1915 2919; x_wconf 85' lang='lat' dir='ltr'><strong>scripta</strong></span> <span class='ocrx_word' id='word_1_481' title='bbox 1940 2862 2065 2905; x_wconf 81' lang='lat' dir='ltr'><strong>fuisse</strong></span> <span class='ocrx_word' id='word_1_482' title='bbox 2107 2863 2212 2906; x_wconf 90' lang='lat' dir='ltr'><strong>credi</strong></span> <span class='ocrx_word' id='word_1_483' title='bbox 2238 2869 2386 2920; x_wconf 87' lang='lat' dir='ltr'><strong>posset.</strong></span> 
     </span>
    </p>
   </div>
  </div>
 </body>
</html>
