2692 3118
1291 207 1357 254 48

391 354 443 399 V.
473 358 498 396 1
525 354 677 397 litterae
705 359 863 409 quatuor
889 358 1083 394 extremae
1111 351 1281 414 minores
1300 359 1389 396 sunt
1402 353 1572 407 reliquis.
1625 351 1837 394 Recentem
1854 352 1953 394 tituli
1969 355 2131 394 aetatem
2155 357 2195 394 et
2210 354 2357 396 formae

286 431 559 472 elementorum
585 432 795 471 monstrant
822 432 861 467 et
888 428 1079 484 scriptura
1104 427 1269 470 nominis
1302 427 1511 479 Φιλεῖνος,
1548 440 1586 467 v.
1615 425 1818 467 Welcker.
1860 426 1983 482 praef.
2020 426 2118 481 Syll.
2153 426 2291 482 Epigr.
2318 441 2358 484 p.

286 504 482 556 XXXIX,
510 503 617 545 Curt.
645 503 686 544 in
711 500 816 542 Mus.
844 500 972 542 Rhen.
1009 502 1114 541 1848
1140 515 1178 557 Ρ.
1214 502 1296 544 105
1322 500 1370 542 ad
1397 501 1454 543 tit.
1484 499 1721 557 Thespiens.
1758 500 1826 553 (T.
1858 499 1936 541 Φλ.
1971 500 2198 553 Φῐλεῖνον).
2252 499 2304 543 V.
2331 504 2359 542 1

289 578 480 635 Stephani·
504 565 662 633 scripsit
692 579 745 616 Φ.
775 571 1000 624 Μόνδονος
1025 572 1098 616 abal
1117 570 1347 631 ,Ἀρχελάου
1374 576 1517 617 omisso
1544 575 1697 616 nomine
1723 570 1830 628 υἱός,
1858 574 1957 630 quod
1984 574 2112 617 rarius
2149 588 2244 617 sane
2273 572 2362 615 addi

290 653 409 702 solet3
438 651 588 692 additur
614 655 740 691 tamen
766 650 982 704 aliquoties,
1012 664 1047 690 e.
1077 663 1109 690 c.
1142 663 1202 706 ap.
1231 651 1352 692 Ross.
1380 650 1503 691 Inscr.
1530 649 1590 689 Ιιι.
1625 648 1688 688 ΠΙ
1711 663 1750 690 ιι.
1784 651 1866 690 280
1891 663 1928 705 Ρ.
1955 651 1995 691 8.
2051 648 2131 691 Sed
2148 648 2247 703 quod
2274 646 2362 689 dedi

290 731 432 767 certum
469 730 549 766 est:
596 738 678 765 cum
710 720 885 778 Ἀρχέλα
914 724 1016 764 conf.
1040 719 1297 777 Ἀριστόλα,
1336 720 1505 765 Νικόλα
1542 723 1640 775 alia,
1674 722 1789 763 Anal.
1817 723 1956 779 Epigr.
1996 737 2033 779 Ρ.
2062 726 2155 775 101,
2181 722 2361 763 Lobeck.

288 799 493 853 Patholog.
522 812 561 854 p.
590 800 681 839 180.
709 793 895 838 Μόνδων
921 801 984 838 est
1010 802 1051 838 ut
1073 793 1259 850 Σάνδων,
1288 797 1472 852 siquidem
1487 798 1562 838 hoc
1588 811 1659 852 pro
1689 796 1839 837 Graeco
1868 797 2003 837 haberi
2029 802 2168 853 potest,
2197 810 2234 837 v.
2261 796 2360 852 Pap.

289 877 328 913 et
355 871 403 914 C.
431 871 470 913 J.
506 885 544 912 ιι.
572 874 691 913 4401.
720 874 761 923 1,
790 876 830 911 et
856 867 1033 912 Κίνδων
1057 871 1163 912 fluvii
1198 884 1338 912 nomen
1373 886 1434 927 ap.
1464 871 1714 925 Hesychium.
1768 870 1830 911 De
1867 854 2067 924 Cupidinis
2103 871 2228 924 signis
2265 868 2365 924 apud

271 928 560 1000 ‘Thespienses
589 949 630 985 et
656 944 702 985 de
722 944 909 984 Erotidiis
928 958 965 985 v.
985 944 1274 985 Winkelmann'.
1303 944 1352 984 ad
1367 943 1565 984 Plutarchi
1591 943 1765 984 Amator.
1801 957 1838 998 p.
1870 944 1948 984 188
1982 947 2022 982 et
2054 956 2092 997 p.
2132 946 2201 985 99.
2227 941 2278 984 V.
2311 944 2360 982 8:

290 1017 337 1060 C.
366 1018 406 1059 J.
433 1032 472 1059 ιι.
500 1019 621 1059 2840.
651 1017 687 1058 d.
714 1019 743 1057 8
767 1015 842 1058 τὸν
867 1015 968 1058 ναὸν
995 1015 1066 1058 καὶ
1096 1015 1146 1058 ta
1174 1013 1404 1071 προνάιον,
1434 1031 1473 1059 ιι.
1507 1017 1629 1057 2715.
1663 1016 1700 1057 b.
1727 1018 1755 1057 8
1782 1014 1827 1058 ἐν
1852 1017 1913 1070 τῷ
1941 1011 2114 1070 προνάῳ
2140 1015 2218 1056 τοῦ
2228 1015 2364 1073 Σερα-

289 1090 406 1138 πίου,
435 1106 473 1132 ιι.
501 1095 622 1133 4401.
648 1094 676 1131 8
702 1104 739 1131 v.
766 1091 828 1130 111
854 1104 892 1146 Ρ.
920 1093 1022 1131 200..
1040 1091 1079 1143 b,
1104 1090 1299 1132 L'etronn.
1324 1090 1488 1132 Recueil
1522 1089 1557 1132 d.
1588 1088 1714 1131 Inscr.
1752 1088 1820 1131 Gr.
1851 1093 1890 1130 et
1915 1088 2008 1131 Lat.
2038 1088 2084 1130 de
2106 1087 2216 1143 mg.
2242 1101 2282 1143 Ρ.
2307 1088 2365 1130 00

288 1171 327 1207 et
354 1166 435 1205 125
459 1163 509 1204 τὸ
536 1161 746 1220 πρόναον,
778 1164 825 1204 C.
860 1164 899 1204 J.
927 1177 966 1203 ιι.
993 1165 1059 1204 71.
1088 1177 1123 1204 a.
1151 1166 1206 1204 82
1233 1163 1279 1205 ἐιῑ
1303 1163 1365 1220 τῷ
1393 1161 1583 1222 προνηΐῳ
1609 1177 1648 1222 Ρ.
1678 1165 1768 1206 109.
1799 1163 1839 1218 b,
1867 1162 1919 1205 id.
1946 1177 1985 1205 ιι.
2017 1164 2108 1205 188.
2135 1164 2175 1205 0.
2204 1162 2268 1205 15.
2296 1162 2364 1205 20.

286 1243 357 1293 80,
383 1256 423 1281 ιι.
451 1243 543 1280 142.
569 1242 610 1280 5.
640 1243 703 1279 17.
730 1242 797 1279 21.
824 1242 893 1289 88,
917 1235 1091 1278 Ἀθάνα
1116 1237 1314 1292 Προναία
1343 1239 1452 1280 cart.
1480 1239 1532 1279 A.
1559 1240 1611 1279 D.
1638 1253 1676 1279 ιι.
1703 1241 1758 1278 45
1783 1253 1821 1294 Ρ.
1848 1242 1917 1291 78,
1944 1236 2297 1286 Lobeck.Pathol.
2325 1249 2364 1293 Ρ.

286 1313 369 1356 477
394 1327 434 1354 ιι.
461 1314 530 1364 07,
556 1311 790 1368 Paralipom.
816 1307 911 1364 547,
944 1310 991 1352 C.
1018 1311 1057 1353 J.
1082 1328 1120 1353 ιι.
1155 1299 1275 1354 2125.
1302 1316 1332 1360 8
1353 1312 1431 1364 τὰς
1446 1311 1694 1367 περιναίους
1720 1308 1862 1361 στοάς.
1925 1312 1975 1356 V.
2003 1316 2033 1354 4
2061 1312 2139 1352 ΤΑ
2165 1309 2370 1352 oscitantia

286 1387 521 1443 quadratarii
547 1386 644 1429 male
671 1387 731 1429 bis
759 1386 985 1441 insculptum
1013 1392 1085 1426 est.
1141 1387 1207 1427 Sic
1249 1402 1308 1442 ap.
1336 1387 1457 1428 Rosa.
1485 1401 1526 1431 ιι.
1552 1390 1619 1429 98.
1646 1389 1675 1428 5
1702 1388 2137 1437 HPYTATANE1273
2166 1385 2213 1427 C.
2249 1384 2289 1427 J.
2325 1399 2366 1426 ιι.

284 1463 405 1504 ⁸915.
441 1463 497 1502 82
531 1474 569 1502 v.
609 1460 672 1501 111
704 1474 742 1516 p.
768 1462 835 1502 84.
863 1460 903 1512 b,
931 1475 969 1501 ιι.
994 1462 1115 1501 3948.
1143 1463 1166 1500 ι
1194 1475 1232 1514 p.
1257 1462 1324 1499 42.
1351 1462 1396 1510 b„
1419 1476 1458 1500 ιι.
1485 1463 1605 1500 4ιισ.
1631 1463 1660 1499 a
1684 1475 1722 1514 p.
1750 1464 1841 1500 1⁰8.
1868 1462 1908 1512 b,
1935 1474 1973 1500 ιι.
1998 1463 2118 1500 4268.
2144 1463 2184 1500 4.
2210 1473 2248 1516 p.
2275 1462 2367 1501 146.

393 1534 474 1577 Sed
500 1534 564 1575 hic
591 1549 692 1594 nunc
719 1534 868 1589 quidem
897 1527 1180 1588 subsistendum
1207 1537 1287 1581 est3
1315 1546 1437 1585 neque
1465 1533 1567 1573 enim
1593 1532 1642 1573 ad
1668 1537 1785 1573 totam
1812 1534 1992 1586 syllogen
2019 1535 2122 1590 typis
2151 1534 2365 1588 exprimen-

291 1608 378 1651 dam
405 1608 502 1650 satis
532 1607 649 1664 spatii
666 1595 763 1647 'huic
793 1604 995 1666 scriptioni
1023 1603 1277 1661 scholasticae
1304 1604 1389 1647 dari
1414 1606 1549 1662 potuit.
1607 1605 1864 1662 Quapropter,
1893 1607 1968 1648 etsi
2008 1607 2096 1660 quid
2123 1607 2276 1655 consilii
2303 1620 2366 1648 se·

292 1687 403 1722 cutus
433 1683 506 1720 sim
534 1681 631 1720 satis
658 1684 790 1736 patere
818 1680 1006 1731 arbitror,
1036 1683 1168 1735 tamen*
1194 1682 1237 1720 ut
1262 1678 1557 1734 malevolorum,
1586 1679 1622 1730 si
1649 1679 1712 1735 qui
1737 1679 1840 1722 forte
1868 1684 2000 1734 erunt,
2028 1674 2366 1723 obtrectationibus

292 1769 504 1805 occurram,
533 1755 580 1794 de
608 1754 754 1808 opellae
782 1767 887 1792 meae
915 1754 1126 1792 rationibus
1154 1758 1230 1792 tum
1258 1768 1370 1807 agam
1397 1754 1650 1808 explicatius,
1679 1767 1789 1807 quum
1817 1755 1914 1795 alter
1955 1755 2128 1810 sylloges
2157 1754 2366 1799 fasciculus

292 1828 406 1885 paulo
426 1827 584 1884 amplior
601 1825 800 1881 aliquando
818 1825 937 1867 lucem
965 1825 1161 1881 adspiciet.
1216 1825 1374 1867 Interim
1393 1829 1540 1881 gratias
1570 1842 1645 1881 ago
1663 1829 1758 1868 viris
1788 1829 1926 1880 doctis,
1955 1832 2018 1882 qui
2044 1832 2085 1869 in
2103 1810 2365 1869 concinnando

292 1903 365 1942 hoc
385 1901 565 1957 opusculo
594 1900 719 1941 multis
747 1899 869 1940 modis
897 1898 988 1938 mihi
1005 1903 1159 1954 praesto
1177 1898 1346 1959 fuerunt,
1375 1900 1458 1941 sive
1481 1901 1610 1942 titulos
1630 1901 1795 1943 ineditos
1811 1915 1955 1944 mecum
1982 1902 2365 1955 communicaverunt,

294 1982 335 2017 nt
360 1975 658 2017 Boeckhius
687 1979 728 2015 et
752 1974 863 2014 Ern.
894 1973 1117 2025 Curtius,
1147 1975 1230 2014 sive
1245 1975 1366 2030 libros
1382 1977 1553 2028 rariores
1571 1977 1663 2017 mihi
1690 1976 1991 2029 commodavere,
2018 1982 2060 2018 ut
2086 1976 2221 2019 Gust.
2247 1976 2369 2017 Kra-

292 2063 469 2103 merus,
498 2049 704 2091 Strabonis
733 2047 857 2089 editor
884 2048 1134 2110 clarissimus,
1153 2051 1202 2105 'et
1222 2040 1416 2108 ἢἸἿιοοᾱ.
1442 2048 1520 2091 Mo
1531 2049 1639 2092 ebiu
1651 2063 1686 2103 s,
1713 2049 1814 2092 Bibl.
1831 2049 1943 2094 Univ.
1962 2050 2077 2108 Lips.
2106 2055 2253 2103 custos,
2283 2051 2366 2092 sive

297 2126 458 2164 consilio
487 2138 546 2163 me
574 2124 821 2174 adiuverunt,
851 2122 948 2175 quod
974 2122 1145 2177 inprimis
1179 2120 1285 2162 Joh.
1323 2122 1579 2164 Franzius
1615 2124 1731 2178 fecit,
1759 2124 1958 2180 aliquoties
2000 2139 2025 2166 a
2058 2138 2118 2166 me
2156 2123 2365 2166 consultus.

297 2196 464 2247 Quorum
492 2198 661 2238 virorum
688 2196 964 2237 humanitatem
984 2200 1094 2248 atque
1118 2193 1425 2236 benevolentiam
1450 2204 1493 2237 ut
1517 2199 1665 2238 meritis
1691 2199 1864 2239 laudibus
1899 2199 2102 2254 praedico,
2127 2199 2183 2238 ita
2208 2199 2365 2238 lecturis

295 2271 493 2312 insusurro
522 2270 755 2313 Orellianum
782 2268 874 2311 illud
902 2267 1020 2321 (Coll.
1039 2268 1218 2325 Inscript.
1233 2264 1325 2312 Lab
1351 2269 1372 2312 I
1398 2285 1436 2327 p.
1462 2272 1582 2324 4⁰⁷)ss
1611 2272 1809 2325 „solemus
1827 2287 1958 2313 omnes
1979 2287 2126 2324 errare,
2157 2273 2366 2325 quicunque

296 2345 337 2384 in
362 2345 672 2399 inscriptionibus
710 2343 948 2400 explicandis
984 2344 1204 2395 versamur-3
1241 2357 1365 2399 neque
1399 2348 1606 2402 propterea
1638 2349 1681 2388 ut
1714 2345 1889 2389 acerbius
1929 2345 2125 2401 minusque
2151 2346 2313 2389 humane
2341 2361 2365 2387 a

297 2419 519 2458 censoribus
549 2419 795 2473 excipiamur,
824 2417 981 2471 aequum
1008 2418 1111 2457 est.‘·
1193 2445 1197 2449 -

404 2542 529 2586 Scrib.
555 2544 700 2586 Portae
727 2544 763 2587 d.
791 2542 889 2588 XVI
916 2557 965 2586 m.
991 2542 1091 2585 Maii
1115 2522 1442 2601 MDCCCXLV.
1850 2544 2015 2609 Carolus
2041 2545 2258 2588 Keilius.

1090 2729 1588 2756 ψ-
