2692 3118
470 328 620 372 Doride
648 328 763 382 (ΑΜ.
790 327 811 368 I
835 340 873 383 p.
902 328 1025 379 190);
1054 326 1232 369 severior
1257 332 1381 369 autem
1397 325 1520 368 Doris
1546 325 1587 367 in
1614 324 1814 367 adiectivis
1841 325 1883 367 in
1898 338 2011 373 εινος
2034 335 2113 367 non
2132 339 2173 367 et
2201 326 2271 367 sed
2292 341 2318 380 η

472 403 621 445 videtur
645 402 825 443 habuisse
853 400 970 453 (Ahr.
998 400 1038 440 11
1062 414 1101 455 p.
1130 401 1242 453 168).
1313 401 1376 441 De
1403 405 1560 440 accentu
1596 400 1647 440 cf.
1673 399 1820 440 Lebrs.
1857 399 1904 440 de
1938 399 2063 440 Arist.
2092 398 2190 440 stud.
2219 399 2319 441 hom.

471 491 509 532 p.
542 478 645 529 292,
681 473 1043 515 Lobeckspathol.
1077 478 1115 529 p.
1153 476 1234 516 189
1258 488 1298 517 ιι.
1322 475 1364 516 6.
1418 472 1468 517 V.
1496 476 1525 514 0
1551 477 1651 515 teste
1676 471 1872 515 Ulriehsio
1909 473 1935 515 l.
1963 472 1990 515 l.
2017 486 2055 528 p.
2095 474 2177 514 2⁰8
2202 486 2239 513 n.
2267 474 2317 513 21

469 550 526 590 sic
553 548 720 605 scriptus
749 552 810 589 est
835 547 877 588 in
900 546 1049 604 lapide:

742 636 1821 716 aomtoNrozuaszNomoArxm-zo

466 778 569 821 Hinc
594 779 857 833 lochagum
891 778 1148 820 nanciscimur
1188 779 1478 832 confirmarique
1507 777 1694 832 digamma
1720 777 1915 828 videmus,
1944 778 2042 830 quod
2070 790 2093 818 a
2119 777 2320 818 Boeckhio

469 851 665 907 sagaciter
690 851 908 893 restitutum
938 850 1104 893 Gieseus
1146 850 1173 892 l.
1200 850 1227 893 1.
1253 864 1291 908 p.
1322 854 1403 894 190
1429 855 1469 893 et
1493 851 1574 892 255
1600 851 1898 908 impugnaverat.
1964 848 2015 893 V.
2045 852 2096 891 lo
2119 864 2190 906 pro
2218 850 2322 891 AN-

471 924 748 964 ΊἸΤΩΝΙΟΣ
780 925 907 966 editor
934 917 1227 978 fAncyMJnog
1259 926 1430 965 fortasse
1470 929 1598 975 recte;
1644 925 1780 966 confer
1814 929 1940 965 nmen
1974 937 2012 965 n.
2055 925 2172 964 1008.
2201 923 2229 964 f.
2257 924 2322 963 19.

468 998 533 1039 ubi
560 991 764 1052 ἔρχοντος
789 998 1127 1038 ΑΝΤΙΓΩΝΟΣ
1150 999 1264 1038 etiam
1280 999 1467 1038 Leakeus
1496 997 1599 1037 dedit
1625 1002 1651 1037 t.
1677 998 1718 1036 11
1745 1011 1782 1053 p.
1808 1000 1903 1038 629.
1958 997 2066 1046 Quae
2093 998 2129 1037 si
2155 997 2323 1051 genuina

468 1074 531 1113 est
558 1071 752 1127 scriptura
777 1084 850 1112 nec
877 1085 972 1113 vera
997 1071 1091 1113 latet
1116 1071 1157 1112 in
1192 1071 1357 1113 lectione
1386 1069 1538 1112 Clarkii
1563 1070 1926 1111 ΑΝΤΙΜΩΝΟΣ
1948 1065 2255 1121 (Ἀντιλέωνοςῖ
2282 1077 2324 1110 ut

394 1156 397 1165 '¹
466 1157 532 1202 ap.
568 1142 681 1186 Cart.
708 1143 855 1186 Anecd.
882 1133 1022 1201 Delph.
1051 1158 1091 1187 ιι.
1119 1145 1189 1197 45)
1202 1176 1216 1199 ,
1242 1157 1380 1186 nomen
1401 1139 1597 1198 Ἄντίγων
1631 1144 1695 1186 hic
1731 1157 1878 1199 quoque
1906 1142 2133 1186 servandum
2159 1141 2322 1184 videtur.

466 1219 681 1260 Arbita-eris
717 1223 858 1270 autem,
877 1213 1073 1270 Ἀντίγων
1096 1219 1198 1259 idem
1225 1231 1317 1259 esse
1344 1222 1455 1271 atque
1477 1213 1713 1269 Ἀντίγονος
1741 1231 1792 1258 ex
1819 1218 2065 1272 corruptione
2091 1216 2321 1267 irrationali,

468 1290 516 1332 de
552 1303 626 1346 qua
662 1280 745 1347 egit
769 1290 996 1332 Lobeckius
1034 1290 1241 1348 Patholog.
1277 1304 1317 1347 p.
1344 1292 1437 1332 600.
1504 1285 1688 1346 Ἐρίγων
1725 1290 1829 1344 (fluv.
1869 1289 2039 1344 Maced„
2075 1289 2203 1333 strab.
2231 1289 2322 1334 Vll.

468 1366 519 1407 fr.
548 1366 604 1405 m
623 1364 758 1405 Tafel.
787 1366 851 1405 ubi
871 1365 1087 1406 Kramerus
1110 1361 1308 1418 Ἐργῖνος
1325 1363 1442 1415 dedit,
1469 1364 1652 1420 Leipzig.
1667 1364 1829 1421 Repert.
1846 1366 1953 1405 1845
1969 1378 2006 1420 p.
2023 1366 2096 1417 oe)
2112 1378 2199 1406 num
2212 1364 2323 1405 huius

464 1437 541 1479 loci
580 1438 654 1488 sit,
690 1438 837 1478 nescio.
881 1460 883 1462 ·
912 1436 964 1480 V.
1001 1440 1053 1477 17
1091 1437 1442 1476 ΟΑΛΩΝΙΔΑΣ
1474 1438 1516 1475 in
1560 1435 1822 1488 Θ]αλωνίδας
1855 1437 1994 1476 refinxi
2031 1437 2145 1478 Anal.
2183 1437 2321 1493 Epigr.

465 1526 503 1567 p.
533 1512 612 1552 14⁶1
623 1525 636 1560 ς
676 1509 802 1550 editor
830 1510 1044 1565 scripserat
1063 1504 1391 1560 Ἀπολλωνίδας,
1419 1510 1482 1549 cui
1509 1510 1689 1550 conferas
1719 1508 1767 1551 C.
1795 1509 1834 1551 J.
1861 1524 1900 1551 ιι.
1925 1512 2007 1550 908
2033 1505 2263 1558 Διονύσιος
2292 1512 2301 1563 Ι

461 1579 786 1623 Ἀπολλωνίδου
815 1585 822 1633 Ι
858 1582 1131 1635 Ταναγραῖος.
1189 1581 1269 1621 Sed
1288 1583 1371 1622 sive
1388 1582 1487 1622 hane
1510 1583 1593 1621 sive
1611 1577 1713 1622 illam
1731 1584 1875 1637 probas
1893 1584 2163 1634 coniecturam,
2192 1584 2317 1624 faten-

470 1654 555 1697 dum
572 1659 648 1706 est,
676 1654 975 1695 terminationem
991 1653 1337 1708 patronymicorum
1355 1656 1395 1694 et
1413 1667 1503 1694 mox
1520 1653 1877 1709 andronymicorum
1894 1656 1936 1697 in
1953 1653 2108 1703 ωνίδας
2120 1661 2320 1698 exeuntem

466 1740 559 1770 usus
588 1726 687 1784 apud
712 1725 884 1768 Boeotos
912 1726 1037 1767 fuisse
1064 1726 1267 1767 rarissimi.
1324 1724 1377 1768 Ut
1403 1726 1545 1768 mittam
1573 1724 1792 1770 Σαωνίδαο
1819 1742 1856 1771 v.
1883 1730 1926 1781 4,
1954 1729 2015 1770 cui
2041 1728 2136 1771 nihil
2152 1730 2320 1772 tribuen-

467 1801 552 1842 dum
579 1805 663 1852 est,
693 1799 864 1854 equidem
901 1804 1007 1839 certa
1043 1798 1217 1855 exempla
1252 1804 1408 1855 praeter
1445 1798 1485 1840 id
1522 1799 1621 1854 quod
1656 1806 1718 1843 est
1745 1799 1792 1843 C.
1821 1800 1860 1844 J.
1887 1815 1925 1844 n.
1953 1803 2036 1844 0⁰8
2060 1803 2153 1845 novi
2179 1808 2321 1845 tantum

468 1874 566 1916 duo:
609 1875 650 1916 in
677 1874 735 1914 tit.
763 1887 787 1913 a
812 1873 979 1914 Leakeo
1008 1872 1057 1913 ad
1084 1872 1283 1927 Thespias
1311 1878 1465 1926 reperto
1493 1874 1637 1927 legitur
1657 1870 1979 1930 ’Ᾱ]ριστωνι’6[ᾳ

1732 1944 1845 2004 ἥρωι
2048 1978 2061 1998 ,
2107 1951 2171 1992 ubi
2226 1964 2321 1993 cave

468 2022 666 2079 praefigas
694 2020 771 2064 ἐπί
797 2022 936 2076 (Ross.
965 2023 1023 2064 tit.
1051 2023 1104 2065 in.
1132 2022 1276 2065 Thisb.
1299 2015 1473 2077 Ῥούφῳ
1500 2017 1610 2077 ἥρωι
1638 2026 1677 2063 et
1703 2021 1856 2079 Thesp.
1878 2016 2151 2079 Ἀλεξάνδρῳ
2179 2020 2320 2081 ἥρωι),

464 2101 505 2137 et
530 2109 591 2152 ap.
619 2096 741 2152 Diog.
768 2096 905 2137 Lacrt.
932 2096 1024 2139 VII.
1050 2100 1079 2137 9
1103 2103 1167 2138 est
1196 2094 1435 2151 Φιλωνίδην
1461 2094 1535 2136 τὸν
1566 2097 1755 2151 Θηβαῖον
1762 2111 1777 2147 ,-
1806 2097 1864 2139 sic
1890 2098 1991 2139 enim
2032 2098 2151 2139 scribi
2179 2097 2322 2140 debere

464 2182 534 2226 pro
566 2168 714 2211 Φιλον.
741 2169 839 2211 vidit
863 2170 1094 2211 Hnebnerus
1121 2184 1159 2212 v.
1186 2169 1228 2211 II
1254 2184 1292 2226 p.
1319 2171 1401 2211 788
1427 2169 1513 2210 coll.
1542 2168 1653 2213 LIV.
1680 2172 1747 2213 4⁷.
1800 2170 1965 2213 Accedit
1990 2172 2161 2212 fortasse
2182 2171 2320 2213 Φιλω-

464 2240 585 2292 νίδας
609 2241 803 2292 Νίκωνος
837 2245 880 2286 in
916 2244 1026 2285 titulo
1052 2244 1190 2286 Rossii
1230 2243 1333 2285 ined.
1363 2243 1553 2284 Thebano
1570 2273 1582 2297 ,
1612 2244 1648 2284 si
1675 2243 1824 2299 quidem
1865 2258 1950 2286 eum
1984 2245 2173 2288 hominem
2200 2246 2322 2289 civem

466 2317 567 2358 illius
594 2318 702 2359 urbis
729 2318 855 2359 fuisse
882 2319 1081 2374 probabile
1108 2324 1182 2359 est.
1254 2317 1337 2358 Sed
1371 2317 1577 2357 infeliciter
1603 2316 1774 2358 Rossius
1808 2319 1850 2359 in
1876 2319 1935 2359 tit.
1962 2319 2094 2360 Attico
2122 2320 2321 2369 (Kunstbl.

468 2390 576 2430 1840
594 2402 637 2431 ιι.
665 2391 735 2443 lo)
763 2404 834 2448 pro
862 2390 1178 2432 ΑΡΙΣΤΟΝΕΙ
1202 2419 1213 2429 .
1247 2419 1257 2430 .
1274 2390 1312 2429 Σ
1335 2390 1498 2431 coniecit
1520 2384 2124 2447 ἈριστωνείδηςἘμμενίδου
2152 2390 2199 2435 ἐκ
2215 2392 2324 2448 [Θη-

464 2452 567 2515 βῶν,
593 2476 630 2505 ν.
659 2464 776 2506 Anal.
803 2464 943 2521 Epigr.
971 2478 1010 2520 p.
1036 2468 1126 2507 100.
1179 2464 1280 2505 Nam
1308 2469 1348 2504 et
1382 2464 1680 2520 patriassincerta
1707 2470 1783 2517 est,
1810 2471 1850 2506 et
1877 2465 1925 2506 0.
1942 2466 2125 2506 Muelleri
2154 2479 2321 2522 apogra-

468 2536 581 2592 phum
607 2537 836 2588 (Archaeol.
863 2538 1047 2580 Mittheil.
1075 2552 1110 2581 a.
1140 2537 1297 2580 Griech.
1324 2537 1344 2578 l
1371 2551 1409 2594 p.
1439 2538 1538 2592 128)
1566 2538 1682 2580 habet
1707 2537 2073 2581 ΑΡΙξΤΟΝΕΙΚ.
2093 2533 2323 2593 ξ’Λριστὸ-

467 2620 617 2659 νεικος.
675 2609 825 2652 Contra
850 2623 947 2653 vero
978 2610 1138 2668 plurima
1166 2615 1256 2654 sunt
1279 2611 1431 2654 nomina
1457 2610 1498 2654 in
1525 2606 1675 2666 ὥνδας,
1703 2625 1799 2669 quae
1813 2610 2034 2656 Abrensius
2051 2610 2093 2654 11
2105 2626 2143 2669 p.
2160 2612 2324 2657 5254

470 2685 704 2738 composuit3
734 2685 804 2725 sed
830 2698 902 2741 pro
930 2682 1180 2741 Διαγώνδας
1206 2684 1313 2737 (Cic.
1342 2685 1388 2725 de
1404 2685 1537 2743 Legg.
1567 2686 1619 2728 11.
1650 2686 1722 2742 16)
1747 2685 2066 2728 Wachsmuthius
2081 2686 2183 2729 Hell.
2196 2686 2276 2730 Alt.
2302 2685 2322 2730 1

470 2771 507 2811 p.
533 2759 616 2798 wo
651 2759 737 2800 coll.
772 2774 810 2814 p.
848 2762 931 2799 ¹¹82
965 2774 1004 2800 n.
1041 2764 1090 2801 11
1128 2762 1190 2801 ed.
1224 2763 1253 2800 2
1280 2761 1444 2799 coniecit
1477 2763 1586 2814 Hoey.
1663 2760 1776 2800 Addo
1804 2761 1950 2801 titulum
1976 2760 2115 2801 Rossii
2141 2761 2322 2803 ineditum
2358 2800 2361 2804 ,

467 2827 705 2887 Thespiens.
760 2827 1030 2885 Ποιθῶνδας,
1056 2834 1172 2876 Diod.
1189 2833 1271 2875 Sic.
1298 2832 1409 2874 XIII.
1435 2837 1491 2875 ω
1519 2831 1778 2889 Θρασῶνδας
1803 2830 1827 2874 ὁ
1868 2835 2068 2887 Θηβαῖος,
2098 2836 2154 2877 tit.
2191 2838 2320 2878 Leak.
