2692 3118
1290 175 1350 222 15

279 338 401 367 meam
426 320 572 371 Δέξων
599 323 879 378 comprobatum
904 320 956 363 iri
982 334 1120 377 spero:
1142 317 1370 378 Ὀνήσιμος
1394 323 1589 373 Δέξωνος
1613 318 1840 377 Κορωνεύς
1866 326 1928 362 est
1947 336 1986 363 n.
2005 324 2123 363 1587.
2143 324 2184 362 8.
2239 322 2289 364 V.
2307 326 2364 363 Β

278 388 457 445 Χιόνιος
483 396 525 449 (a
551 392 703 444 Χίονις
727 395 824 452 Pap.
855 409 888 436 s.
907 395 979 447 v.),
1006 394 1104 437 Ahr.
1122 395 1175 437 H.
1202 411 1240 453 p.
1258 399 1352 439 522.
1403 398 1509 439 Idem
1531 410 1569 437 v.
1592 398 1647 437 29
1664 381 1902 450 ὲλιάρετος
1919 395 2126 451 rescripsit
2142 394 2184 435 Π
2210 409 2248 451 Ρ.
2267 397 2361 448 518,

279 466 496 518 Λιουσίας
522 470 566 522 (i.
583 483 617 510 e.
644 467 815 517 Λυσίας
838 484 878 510 ιι.
909 470 1023 511 1570.
1052 470 1088 511 b.
1114 471 1202 524 39),
1234 466 1559 519 Ὀλιουνπίωνος
1584 484 1622 511 v.
1639 472 1694 511 30
1719 484 1757 525 Ρ.
1775 470 1857 510 519
1892 465 2153 521 (Ὀλυμπίων
2179 470 2357 525 Ταναγρ.

279 558 318 586 ιι.
348 544 469 587 1542.
494 544 554 596 3),
582 547 659 585 tum
684 557 722 584 v.
750 544 805 583 32
836 538 952 584 Θίων
976 557 1014 600 p.
1041 544 1122 585 518
1148 549 1190 585 et
1210 539 1434 600 ’.Αρχελάω
1461 559 1508 607 Ρ.
1526 545 1620 585 522.
1672 543 1872 599 Exemplis
1898 542 2113 596 nominum,
2150 556 2247 598 quae
2277 550 2366 584 sunt

278 620 321 659 in
346 617 460 666 λαος,
489 631 568 658 ιιοιι
595 621 874 667 contractorum
900 618 1088 670 (Ahrens.
1115 618 1142 659 l.
1162 619 1207 671 1.)
1236 619 1333 660 addo
1356 614 1577 674 Ἀρχελᾶα
1603 631 1664 673 ap.
1691 618 1821 658 Leak.
1851 622 1942 658 tom.
1969 617 2022 658 II.
2049 630 2089 672 p.
2105 619 2200 669 134,
2226 613 2365 657 ’-Λνα

277 689 422 741 ξίλαος
448 694 567 734 inser.
594 691 716 733 Ross.
746 691 939 746 Tanagr„
967 689 1183 741 Νικόλαος
1206 694 1336 735 Leak.
1365 699 1392 735 t.
1409 693 1490 735 XII
1515 708 1554 734 ιι.
1581 694 1637 734 53
1664 693 1747 733 sive
1765 691 1933 734 Ulrichs.
1951 705 1990 746 p.
2007 693 2144 733 249ιι.
2162 693 2231 743 24,
2264 694 2363 733 Φει-

277 761 434 824 δόλαος
457 779 494 808 v.
514 764 564 807 ad
588 779 626 807 ιι.
648 766 763 808 1571.
778 767 853 818 37,
886 761 1100 818 Τιμόλαος
1115 766 1236 810 Ross.
1269 767 1328 809 In.
1344 766 1450 810 Ined.
1469 782 1509 810 ιι.
1529 769 1595 809 70.
1612 767 1654 819 3,
1682 766 1746 807 ubi
1762 779 1833 822 pro
1847 764 2048 808 Rossiauo
2069 766 2218 806 ΛΛΗ
2228 765 2269 806 ἰιι
2287 765 2363 807 fine

275 840 490 882 Kramerus
518 853 578 896 ap.
607 839 804 880 Davidoff.
830 853 869 881 ιι.
893 840 974 881 XX
999 855 1038 897 p.
1063 841 1204 882 XXIX
1228 843 1336 883 AA.
1363 842 1528 883 exhibet.
1582 841 1696 881 Fuit:
1724 840 1874 883 ΛΛΩ.
1927 839 1978 882 V.
1995 841 2050 879 32
2075 837 2362 880 Λασθενίδαο

279 910 574 968 (Λακράτειος
598 927 636 952 n.
653 913 706 953 11.
728 915 795 965 15,
821 910 1036 965 Λαδᾶμας
1061 929 1099 955 ιι.
1123 918 1248 968 1675)
1276 917 1430 971 scripsi,
1457 929 1536 956 non
1563 914 1664 968 quod
1690 919 1834 954 certum
1860 927 1953 953 esse
1981 913 2195 964 crederem,
2225 913 2295 953 sed
2323 920 2364 953 ut

265 987 448 1028 ‘lacunam
475 986 687 1041 explerem:
714 985 948 1041 Λασθένης
976 988 1154 1029 Theban.
1181 989 1368 1042 Aeschyl.
1403 988 1492 1031 VH.
1523 1003 1557 1029 c.
1577 988 1706 1028 Theb.
1724 989 1821 1037 620,
1848 986 2021 1027 Krause.
2048 986 2127 1027 Die
2157 985 2294 1040 Gymn.
2324 1002 2361 1027 u.

276 1059 461 1115 Agonist.
489 1058 525 1102 d.
553 1059 655 1102 Hell.
681 1074 720 1116 p.
746 1062 838 1102 781.
892 1059 1092 1102 Elementa
1116 1056 1211 1103 vero
1243 1062 1282 1103 Θ
1309 1066 1349 1104 et
1376 1063 1417 1102 T
1437 1063 1485 1104 ab
1512 1062 1579 1114 iis,
1608 1062 1671 1116 qui
1697 1060 1828 1102 titulos
1856 1060 2206 1116 transmpserunt,
2245 1073 2364 1116 saepe

277 1134 380 1176 inter
407 1146 451 1174 se
479 1133 641 1174 confusa
668 1137 774 1183 sunt3
803 1134 861 1174 sic
895 1138 958 1175 est
989 1135 1318 1176 EPuTENm
1358 1149 1419 1191 ap.
1457 1134 1622 1176 Dorvill.
1651 1133 1771 1176 Sicul.
1800 1147 1838 1188 p.
1865 1134 1948 1175 530
1984 1147 2055 1188 pro
2089 1128 2361 1188 Ἐρισθένης.

276 1205 327 1251 V.
344 1208 400 1249 33
420 1201 682 1259 Ὀξοὺμαχος
700 1207 815 1261 (Ahr.
830 1206 872 1248 H
888 1222 927 1264 p.
945 1208 1045 1261 519)
1071 1222 1210 1250 novum
1227 1212 1289 1250 est
1304 1222 1454 1251 nomen.
1490 1208 1669 1264 Eurym
1681 1208 1803 1249 achu
1815 1221 1834 1248 s
1854 1207 1984 1248 Theb.
2005 1206 2106 1263 apud
2123 1206 2363 1249 Herodotum

277 1285 317 1323 et
334 1280 602 1337 Thucydidem
627 1281 802 1336 habetur,
829 1281 1161 1339 Astymachus
1188 1283 1338 1324 Platae.
1358 1297 1418 1340 ap.
1439 1282 1584 1337 Thuc.,
1609 1282 1990 1324 Mnasimachus
2008 1281 2161 1322 Lebad.
2184 1281 2233 1323 ad
2254 1280 2300 1323 C.
2321 1281 2360 1323 J.

274 1370 314 1398 ιι.
337 1357 455 1407 1575.
480 1360 523 1407 9,
560 1355 924 1407 Clitomachus,
957 1371 996 1397 v.
1013 1357 1112 1411 Pap.
1138 1357 1189 1398 al.
1251 1357 1301 1400 V.
1322 1360 1378 1398 34
1402 1354 1679 1404 Καλλιῶνδας
1705 1357 1822 1408 (Ahr.
1850 1356 1893 1396 11
1918 1370 1957 1411 p.
1984 1357 2085 1408 525)
2114 1356 2312 1398 descendit
2337 1372 2361 1398 a

274 1428 487 1481 Καλλίων,
515 1427 615 1482 quod
630 1429 671 1468 in
691 1441 763 1468 usu
780 1428 854 1468 fuit
869 1429 977 1468 iuxta
994 1426 1185 1475 Καλλίας
1210 1433 1253 1468 ut
1268 1426 1467 1477 Μνασίας
1483 1426 1703 1479 Μνασίων,
1724 1425 1909 1483 Ἀρχίας
1928 1423 2133 1483 Ἀρχίων,
2163 1428 2360 1485 Πυῤῥίας

273 1499 488 1558 Πυῤῥίων,
521 1497 749 1557 Ἀριστίας
769 1489 1021 1557 Ἀρισιίων.
1077 1502 1137 1545 Ib.
1163 1498 1345 1557 Μυρίχω
1373 1517 1410 1543 v.
1439 1502 1488 1543 ad
1514 1517 1552 1543 n.
1568 1502 1620 1543 11.
1643 1505 1707 1543 13.
1744 1498 1966 1557 Μύῤῥιχος
1991 1501 2167 1544 Boeotus
2195 1504 2359 1546 habetur

274 1592 335 1633 ap.
363 1576 503 1631 Polyb.
534 1575 687 1617 XXIII.
717 1579 767 1628 2,
794 1578 848 1617 16
874 1576 1065 1628 (Boeckh.
1093 1576 1115 1616 Ι
1140 1591 1177 1631 p.
1195 1578 1287 1616 726.
1321 1577 1376 1628 a),
1415 1576 1514 1630 quod
1546 1577 1581 1616 si
1610 1576 1711 1617 idem
1742 1580 1804 1617 est
1832 1589 1993 1628 nomen,
2030 1577 2200 1618 conferri
2229 1584 2360 1633 potest

273 1649 606 1692 XAIPPONEA
625 1664 663 1691 n.
682 1650 799 1691 1679.
848 1647 996 1691 Contra
1014 1663 1061 1690 ea
1077 1648 1219 1692 Boeoti
1235 1649 1413 1691 dixerunt
1428 1643 1616 1704 Πύριχος
1638 1649 1712 1702 (tit.
1728 1648 1851 1690 Ross.
1875 1648 2037 1706 Thisp.)
2055 1663 2125 1705 pro
2144 1646 2360 1706 Πύρῥιχος

274 1725 435 1780 opinor,
471 1730 511 1764 et
539 1721 744 1779 Παρησία-
771 1738 808 1764 n.
838 1725 955 1764 1603.
984 1726 1012 1763 7
1046 1737 1117 1779 pro
1149 1721 1389 1778 Παρρησία.
1441 1723 1542 1766 Vide
1570 1724 1684 1764 etiam
1710 1723 1889 1764 Lobeck.
1913 1724 2118 1779 Patholog.
2146 1739 2184 1781 p.
2203 1728 2283 1766 222
2312 1727 2359 1767 de

276 1798 467 1854 scriptura
491 1791 694 1852 Μύρῥινα
721 1786 760 1837 et
785 1792 1015 1852 Μύρωνα.-

1261 1937 1363 1991 IV.

382 2031 538 2088 Copis
567 2031 699 2084 (hodie
736 2027 760 2086 ἢ
784 2028 1001 2072 Τοπόλεια
1019 2031 1186 2073 Ulrichs.
1218 2046 1255 2087 p.
1280 2034 1371 2072 203.
1397 2045 1435 2071 ιι.
1464 2032 1534 2084 19)
1565 2032 1822 2087 fragmentum
1855 2031 2241 2089 catalogimilitaris,
2285 2047 2358 2088 quo

271 2112 426 2164 praeter
450 2106 682 2157 archontem,
712 2106 784 2144 duo
809 2105 1092 2161 polemarchos‚
1118 2104 1320 2159 lochagum
1346 2110 1384 2143 et
1409 2106 1573 2144 scribam
1597 2106 1785 2161 peltastae
1815 2106 1955 2162 XVIII
1982 2121 2120 2146 recens
2147 2108 2360 2163 conscripti

272 2185 537 2232 recensentur,
565 2180 730 2222 Ulrichs.
747 2193 786 2234 p.
808 2182 901 2230 199,
929 2179 993 2232 qui
1007 2193 1045 2233 p.
1061 2180 1142 2218 203
1158 2193 1196 2219 ιι.
1215 2181 1266 2219 21
1297 2184 1437 2219 tantum
1454 2193 1609 2220 versum
1628 2182 1826 2234 septimum
1850 2181 1993 2222 attulit:

795 2287 1123 2325 ΤΟΙΑΠῈΓΡΑ
1129 2286 1803 2325 ΨΑΝΤΟΕΜΠΕΛΤΟΦΟΡΑΣ

716 2391 718 2393 -
792 2358 882 2401 τοὶ
916 2355 1307 2415 ἀπεγράψαντο
1345 2357 1407 2412 ἐμ.
1438 2356 1794 2415 πελτοφόρας.

271 2468 333 2508 De
351 2468 638 2523 praepositione
655 2464 708 2517 ἐμ
734 2466 811 2507 vid.
830 2466 1000 2507 Ahrens.
1017 2466 1058 2505 II
1083 2481 1122 2521 p.
1140 2468 1237 2517 525,
1265 2467 1370 2507 etad
1385 2481 1521 2507 nomen
1541 2467 1660 2507 πελτ.
1692 2469 1829 2508 confer
1849 2462 2025 2524 inscript.
2045 2469 2250 2510 Rosettan.
2275 2485 2312 2511 v.
2331 2474 2360 2510 7

271 2536 553 2597 πτεροφόραι.
608 2540 856 2581 Letronneus
882 2538 936 2579 ibi
961 2538 1131 2580 laudavit
1164 2553 1303 2582 nomen
1332 2538 1520 2582 Cercidae
1546 2538 1850 2597 βακτροφόρας
1877 2542 2016 2598 (Diog.
2033 2542 2172 2586 Laert.
2191 2543 2262 2587 VI.
2284 2546 2358 2596 76)

271 2620 325 2668 et,
352 2616 414 2658 cui
441 2614 481 2657 id
498 2615 625 2668 debet,
651 2613 892 2656 Lobeckium
911 2614 952 2656 in
966 2612 1105 2657 Wolfii
1119 2613 1264 2657 Litter.
1279 2615 1454 2657 Analect.
1472 2614 1545 2657 111.
1564 2617 1633 2657 56.
