2692 3118
1233 204 1298 250 26

447 362 590 405 operae
618 349 799 390 molestae
827 351 866 387 et
892 346 1008 387 taedii
1035 347 1170 403 plenae
1198 361 1278 390 non
1305 350 1401 390 satis
1430 353 1636 390 assuetum.
1692 349 1804 398 Quod
1824 364 1934 404 quum
1951 352 2025 392 iam
2043 351 2090 394 C.
2107 353 2177 393 Fr.
2197 353 2299 395 Her-

447 436 605 462 mannus
633 424 673 459 in
699 421 816 459 libelli
842 434 1009 459 censura
1036 420 1183 473 (Goett.
1205 420 1289 462 Gel.
1312 412 1414 464 Auz.
1435 423 1540 464 1844
1558 435 1594 479 p.
1619 423 1848 477 1337—48)
1877 424 2152 480 significasset,
2181 426 2300 468 mani-

446 498 548 536 festo
584 497 695 535 docet
729 496 858 534 titulus
896 496 998 534 illius
1038 500 1173 534 sextus
1213 497 1372 535 collatus
1408 509 1491 536 cum
1518 496 1702 536 Ulrichsii
1738 500 1962 554 apographo
1998 513 2057 556 ap.
2096 500 2301 541 Welcker.

444 569 548 610 Mus.
576 568 702 611 Rhen.
732 559 901 625 1844'1».
930 571 1034 622 239,
1068 570 1232 624 itemque
1269 572 1397 612 titulus
1425 586 1462 612 ιι.
1490 574 1566 622 40,
1605 586 1713 624 quem
1749 586 1826 612 non
1862 573 2008 614 duobus
2043 575 2115 615 sed
2142 580 2303 628 quatuor

445 643 650 687 versiculis
678 647 858 684 constare
887 643 1051 684 schedae
1079 643 1219 686 Rossii
1245 650 1479 697 monstrant,
1516 645 1574 685 tit.
1602 656 1641 686 ιι.
1667 648 1723 687 38
1748 642 2031 688 Δεντιλλάνου
2057 663 2095 701 p.
2123 652 2200 699 69,
2239 650 2303 688 ubi

445 719 485 756 in
511 718 636 773 lapide
666 730 755 756 esse
779 712 1045 769 Ἔντιμιανοῦ
1073 717 1120 759 G.
1148 718 1364 762 Kramerus
1393 732 1453 776 ap.
1482 717 1741 761 Davidoffium
1767 733 1805 762 ιι.
1821 718 1959 765 XXVI
1977 735 2013 777 p.
2031 719 2168 765 XXVI
2191 720 2302 763 fidem

444 793 553 841 facit,
583 797 622 831 et
649 794 704 830 tit.
734 806 772 830 ιι.
800 794 827 829 3
856 805 964 843 quem
991 793 1102 847 paulo
1132 794 1344 848 pleniorem
1368 794 1538 833 Rossius
1567 793 1670 833 dedit
1696 794 1737 834 in
1762 793 1930 850 Intellig.
1961 808 1994 837 z.
2024 794 2077 836 A.
2103 793 2155 835 L.
2182 795 2302 836 1844.

445 881 483 904 ιι.
512 869 577 904 80.
634 866 713 904 Sed
740 867 835 916 hoc,
879 867 925 904 de
955 881 1026 919 quo
1056 869 1222 920 agimus,
1263 870 1348 908 loco
1378 862 1568 922 scriptura
1596 868 1856 922 Stephaniana
1882 867 2119 909 ΔΕΙΗΟΙΣ
2152 867 2304 907 confert

446 938 493 979 ad
529 938 803 980 restituendam
840 939 1002 980 formam
1038 942 1242 994 genuinam
1277 937 1587 995 Λεβαδειήοις,
1625 943 1798 982 Ahrens.
1825 942 1866 981 11
1893 956 1930 996 p.
1957 944 2068 993 520,
2097 942 2117 981 1
2144 956 2181 997 p.
2210 942 2303 982 205.

448 1014 552 1054 Τιιιιι
587 1014 705 1054 fuerit
744 1010 1127 1071 KafflcuuqoiJnog,
1171 1030 1210 1057 ιι.
1249 1017 1367 1058 1576.
1405 1020 1440 1058 1.
1509 1015 1560 1059 V.
1595 1018 1623 1057 3
1657 1011 2020 1070 Διονυσόδωροςε
2060 1016 2301 1070 cognominis

444 1088 620 1128 Boeotus
649 1093 711 1128 est
739 1101 799 1143 ap.
828 1089 945 1130 Diod.
977 1090 1055 1130 Sic.
1084 1088 1173 1132 XV.
1201 1093 1257 1131 05
1284 1090 1343 1131 cll.
1374 1089 1586 1131 Westerm.
1615 1089 1664 1130 ad
1679 1088 1798 1132 Voss.
1829 1089 1876 1130 de
1895 1089 2045 1131 Histor.
2066 1088 2133 1130 Gr.
2152 1103 2190 1145 p.
2208 1090 2302 1130 433.

443 1162 500 1202 Ib.
520 1159 694 1217 Ρίδριαο
722 1163 837 1218 (lapis
857 1164 1109 1217 ΝΙΔΡΙΑΟ)
1130 1165 1354 1205 Boeckhius
1383 1167 1480 1206 satis
1508 1165 1771 1221 probabiliter,
1801 1177 2020 1218 quamquam
2048 1168 2189 1205 certam
2213 1175 2304 1204 esse

447 1237 746 1277 emendationem
772 1251 850 1277 non
878 1239 1054 1280 dixerim.
1107 1240 1230 1278 Potes
1251 1240 1365 1279 etiam
1392 1240 1674 1278 ANAPMO:
1708 1234 1919 1285 Θεόδοτος
1940 1233 2149 1292 Ἀνδρέου
2177 1242 2239 1277 est
2263 1237 2304 1278 in

445 1312 502 1351 tit.
539 1311 678 1351 Boeot.
711 1310 838 1351 Curtii
874 1313 1030 1353 inedito.
1093 1313 1142 1356 V.
1170 1316 1199 1353 4
1233 1314 1367 1353 Whel.
1394 1313 1746 1363 ΜΝΑΣΙΑΔΕΙ,
1791 1312 1912 1367 Spon.
1947 1311 2304 1362 ΜΝΑΣΙΑΔΕΣ,

444 1384 667 1426 Koehlerus
697 1386 840 1427 omisso
868 1387 1093 1427 ΑΡΗΙΚΩ.
1122 1403 1131 1427 :
1168 1386 1692 1433 ΜΝΔΣΙΑΒΗΑΑΝΟΣ,
1734 1386 1910 1426 Boeckh.
1940 1385 2306 1425 ΜΝΗΣΙΑΔΕΣ-

443 1458 944 1499 ΑΡΗΙΚΩΣΥΛΑΝΟΣ
969 1474 979 1499 :
1016 1455 1276 1506 Μνασιάδας
1306 1454 1509 1512 Ἀρηΐχω.
1576 1459 1750 1500 Ahrens.
1776 1458 1797 1498 I
1831 1473 1870 1512 p.
1899 1460 1980 1497 184
2015 1472 2054 1499 ιι.
2080 1459 2109 1498 5
2145 1457 2307 1511 corrigit

445 1529 727 1578 ΖΠνασιάδεις,
757 1540 896 1570 nomen
925 1546 975 1570 ex
1003 1528 1169 1569 ἁνδάνω
1198 1535 1263 1570 aut
1290 1527 1393 1584 ἡδύς
1421 1531 1671 1586 compositum
1699 1544 1789 1571 esse
1818 1534 1992 1571 statuens
2027 1516 2073 1570 ut>
2107 1525 2310 1584 Θυμάδης

446 1619 484 1643 n.
513 1607 632 1643 1⁶01.
695 1604 795 1642 Mihi
832 1618 879 1643 ea
915 1605 1012 1643 ratio
1049 1606 1174 1644 minus
1208 1605 1347 1660 placet,
1384 1617 1470 1644 nam
1496 1605 1537 1644 in
1570 1601 1770 1658 Θυμάδης
1796 1604 2099 1658 patronymicum
2128 1617 2303 1658 agnosco

450 1677 549 1731 quod
577 1677 881 1730 andronymicum
910 1679 1050 1717 factum
1079 1681 1153 1728 est,
1184 1678 1307 1730 qualia
1335 1682 1424 1717 sunt
1449 1677 1490 1718 in
1515 1676 1678 1717 Boeotis
1706 1673 1925 1730 Αἶολάδης
1950 1667 2217 1729 Thucydss'v.
2236 1680 2306 1728 01,

450 1746 729 1804 Καφισιάδας
752 1765 791 1791 ιι.
819 1749 871 1792 Π.
900 1752 942 1802 3,
973 1745 1220 1803 Ἀλφιάδης
1245 1765 1283 1792 ιι.
1310 1752 1427 1792 1570.
1456 1752 1493 1791 b.
1521 1753 1589 1802 50,
1627 1747 1826 1798 Κλεάδας
1851 1752 2000 1792 Herod.
2027 1752 2099 1791 IX.
2127 1753 2183 1791 85
2210 1753 2305 1801 (ιιοιι

445 1820 558 1876 Ἀλ.,
586 1837 623 1864 V.
652 1824 863 1876 VVesselJ,
896 1819 1152 1871 Τελεσιάδα-ς
1175 1821 1290 1864 Pind.
1319 1823 1451 1865 Isthm.
1472 1823 1545 1865 111.
1573 1826 1640 1876 63,
1673 1820 1902 1879 Φαράδαςῗ
1931 1840 1968 1865 ιι.
1991 1827 2106 1866 1576.
2128 1827 2170 1876 5,
2199 1826 2307 1866 Κοι-

449 1895 636 1953 ρατάδας
663 1904 701 1937 et
719 1895 988 1952 Κοροινάδης
1014 1912 1050 1938 v.
1072 1898 1118 1937 ad
1136 1912 1173 1938 n.
1191 1898 1243 1937 II.
1271 1901 1311 1938 0.
1361 1897 1441 1939 Sed
1469 1911 1578 1952 quum
1605 1902 1645 1939 et
1670 1899 1755 1953 ipse
1776 1898 1822 1939 de
1838 1898 2088 1939 Boeckhiano
2106 1893 2306 1939 Μνασιά-

449 1973 524 2020 δας
552 1973 715 2011 dubitem
743 1978 969 2027 propterea,
1009 1972 1106 2024 quod
1134 1971 1267 2012 Whel.
1298 1976 1337 2012 et
1364 1971 1484 2027 Spon.
1511 1972 1591 2012 ΔΕ
1616 1986 1694 2012 ιιοιι
1720 1972 1804 2012 ΔΑ
1837 1973 1877 2014 in
1904 1973 1979 2012 fine
2004 1973 2210 2027 praebent,
2248 1972 2306 2011 vi-

448 2046 609 2087 dendum
637 2046 818 2096 arbitror,
846 2061 933 2086 num
959 2046 1062 2086 forte
1090 2046 1207 2085 suerit
1234 2045 1513 2097 Μνασικλεῒς,
1540 2060 1580 2086 ν.
1608 2046 1655 2086 ad
1681 2061 1719 2086 ιι.
1748 2046 1780 2086 1.
1808 2049 1847 2087 7.
1911 2047 1974 2086 De
2001 2061 2026 2099 η
2055 2047 2096 2086 in
2117 2041 2308 2099 Ἀρηΐχω

444 2120 543 2160 Ahr.
571 2119 591 2159 I
618 2133 656 2174 p.
684 2121 780 2170 206,
814 2120 892 2159 nisi
919 2122 1091 2173 praestat
1119 2115 1380 2174 Ἀρ[ει]ι’χω;
1422 2118 1509 2159 vide
1537 2119 1640 2159 illum
1666 2118 1687 2159 I
1712 2134 1750 2175 p.
1779 2120 1871 2160 185.
1928 2119 2032 2160 Τιιιιι
2060 2132 2198 2159 nomen
2225 2120 2307 2158 Συ-

447 2189 584 2241 λανός
606 2193 761 2235 defendi
798 2197 839 2233 ut
865 2193 971 2248 potui
999 2193 1040 2233 in
1066 2193 1180 2234 Anal.
1208 2192 1347 2249 Epigr.
1378 2207 1415 2249 p.
1446 2196 1527 2234 149
1553 2208 1562 2233 :
1592 2207 1663 2249 pro
1694 2193 1832 2251 Sponii
1858 2195 1978 2233 ΣΥΛ
2005 2193 2217 2233 Whelerus
2244 2192 2308 2233 dat

450 2269 579 2315 EYA‚
610 2268 709 2308 unde
739 2268 924 2308 coniicias
942 2261 1150 2320 Εὔδαμος,
1178 2282 1216 2309 ιι.
1246 2269 1364 2309 1542.
1382 2270 1423 2320 3,
1451 2282 1489 2308 ιι.
1508 2269 1623 2309 1570.
1642 2271 1685 2320 0,
1713 2267 1909 2315 ῆιΒοεε.
1930 2266 2071 2308 Thisb.
2088 2260 2306 2322 Εὕδαμοςί

445 2344 577 2396 χαῖρε.
603 2338 872 2393 ΙὍμολώϊχε,
896 2345 905 2393 l
928 2339 1164 2396 Καβειρίχα
1188 2339 1409 2396 ξχαίρετε.
1465 2341 1514 2385 V.
1542 2344 1572 2382 5
1602 2338 1847 2391 Τιμασιθίω
1876 2342 2017 2397 scripsi
2042 2341 2068 2381 l.
2100 2341 2129 2383 l.
2155 2355 2193 2397 p.
2211 2343 2306 2394 148,

447 2411 693 2471 probavitque
721 2417 820 2457 Ahr.
848 2416 888 2457 ΙΙ
916 2431 953 2471 p.
980 2417 1074 2457 518.
1125 2417 1183 2458 Ib.
1211 2417 1392 2456 ΙΕΡΕΙΣ
1417 2412 1564 2471 Ἶέρεις
1588 2415 1790 2457 Boeckbio
1820 2420 1882 2456 est
1903 2412 2035 2470 Ἱέρης
2067 2429 2139 2470 pro
2169 2411 2308 2469 ἱερεύς

451 2485 679 2545 (Ἱεροίτας,
717 2490 968 2532 Sacerdos
997 2490 1172 2533 Lobeck.
1200 2490 1355 2532 Pathol.
1382 2505 1420 2547 p.
1447 2493 1545 2544 387,
1570 2488 1792 2546 Σακέρδως
1816 2504 1854 2532 ιι.
1882 2491 2005 2542 3953,
2032 2504 2073 2532 ιι.
2098 2492 2218 2531 4058.
2245 2491 2307 2542 2),

449 2565 511 2616 qui
539 2566 743 2606 aeolismus
768 2567 931 2606 habetur
959 2580 1052 2606 sane
1078 2568 1118 2607 in
1144 2566 1251 2606 titulo
1282 2565 1450 2620 Tegeat.
1481 2564 1527 2606 C.
1555 2565 1594 2606 J.
1622 2580 1660 2606 ιι.
1691 2567 1809 2617 1513,
1838 2564 2080 2605 confirmatus
2109 2565 2164 2607 ibi
2192 2564 2306 2604 etiam

449 2653 549 2679 novo
577 2639 732 2681 Leakei
759 2641 982 2695 apographo
1008 2640 1132 2681 Trav.
1159 2642 1201 2681 in
1229 2640 1292 2679 the
1311 2639 1415 2680 Mor.
1444 2654 1480 2681 v.
1498 2640 1558 2680 111
1578 2641 1654 2680 tab.
1673 2639 1694 2679 1
1720 2653 1758 2680 n.
1788 2643 1826 2680 1.
1881 2639 2026 2681 Verum
2053 2644 2179 2678 tamen
2196 2651 2306 2691 quum

450 2713 684 2754 boeotismus
711 2715 882 2769 requirat
907 2715 1012 2754 IAP
1045 2714 1160 2767 (Ahr.
1188 2714 1209 2754 1
1235 2727 1273 2768 p.
1303 2716 1381 2754 178
1406 2728 1444 2754 ιι.
1475 2714 1533 2766 1),
1570 2715 1749 2769 suspicor
1778 2712 2048 2754 emendandam
2076 2724 2189 2763 esse,
2225 2724 2305 2750 mu-

448 2788 590 2827 tatione
617 2788 700 2829 sere
727 2789 842 2842 nulla,
871 2790 911 2828 Γ
908 2786 1044 2843 έρειςε
1075 2788 1209 2845 Γέρης
1235 2786 1408 2829 Boeotus
1427 2793 1488 2830 est
1506 2802 1567 2845 ap.
1585 2787 1766 2831 strabon.
1781 2787 1893 2831 XIV.
1922 2789 2004 2829 033
2026 2800 2064 2827 v.
2078 2784 2140 2825 III
2167 2800 2204 2841 p.
2222 2787 2303 2826 163

450 2861 511 2903 ed.
524 2861 701 2905 Tauchn.
721 2868 759 2904 et
775 2863 1115 2919 ap.Pausan.V11.
1132 2867 1174 2917 3,
1193 2865 1236 2916 3,
1270 2862 1317 2903 ob
1347 2876 1502 2918 eumque
1529 2864 1722 2905 hominem
1748 2863 1862 2904 malui
1878 2864 1917 2901 Γ
1914 2859 1975 2915 ἐρ.
2007 2875 2114 2915 quam
2136 2858 2306 2914 Φ]ε’ρεις
