2692 3118
1236 180 1300 227 37

459 328 558 370 bene
593 329 655 368 est
687 323 1099 378 ΛΕΒΑΔΕΙΗΩΝ,
1135 324 1234 380 quod
1268 326 1342 368 iam
1375 340 1399 368 a
1435 326 1632 368 Pocockio
1671 325 1835 368 oblatum
1871 324 2090 368 Ahrensius
2117 327 2139 368 I
2164 342 2202 383 p.
2229 330 2313 370 2⁰5

460 400 573 440 alteri
600 401 810 454 scripturae
838 396 1113 450 Λεβαδειέων
1138 399 1381 454 praetulerat.
1421 395 1638 439 ’.Ανέθιαν
1664 413 1702 440 v,
1729 400 1827 439 Ahr.
1856 399 1878 438 I
1903 414 1941 455 p.
1964 402 2059 451 211,
2087 399 2128 442 II
2153 414 2189 456 p.
2207 403 2311 456 5253

460 474 518 514 tit.
547 488 585 514 n.
612 473 663 515 X.
693 478 729 514 1.
792 474 850 513 Ib.
889 474 1003 513 scrib.
1044 470 1283 526 Τρεφωνίοι
1315 474 1411 513 Ahr.
1439 473 1461 513 I
1484 488 1522 528 p.
1553 477 1642 513 194.
1695 474 1745 515 V.
1773 478 1800 513 2
1834 470 2080 521 νικάσαντες
2112 475 2242 514 Leak.
2271 481 2311 515 et

459 546 647 598 Kramer3
677 548 778 588 conf.
806 546 904 588 Ahr.
931 546 953 586 I
978 561 1015 602 p.
1032 549 1124 587 212.
1168 546 1272 587 Τιιιιι
1299 549 1501 601 genuinum
1526 545 1766 587 ΙῘΨΑΣΙΗ
1790 544 1976 601 ἱππασίη
2004 562 2101 589 unus
2121 548 2309 590 Leakeus

460 621 594 671 habet3
622 621 722 660 idem
748 621 964 661 Ahrensius
994 634 1044 661 ex
1069 621 1259 661 Pocockii
1285 620 1493 661 ΙΡΑΣΙΗ
1516 621 1780 677 exsculpserat
1806 620 1826 660 I
1852 634 1889 676 p.
1908 623 1988 662 2⁰4
2015 626 2094 663 not.
2121 623 2163 675 5,
2191 621 2245 663 Π.
2273 635 2313 678 p,

458 696 552 734 522.
581 696 627 731 N
651 708 732 733 cum
758 696 915 748 reliquis
942 695 1169 734 Kramerus.
1224 694 1272 736 V.
1299 698 1326 734 8
1352 701 1456 735 recte
1483 696 1612 735 Leak.
1642 693 1971 734 ΡΙΛΛΡΧΙΟΝ
1972 694 2100 742 ΤΩΝ,
2138 695 2311 737 Ahrens.

459 767 503 808 II
528 781 565 822 p.
592 769 683 809 516.
740 768 842 808 Tum
869 769 997 809 Leak.
1025 781 1095 824 pro
1123 768 1379 809 ΑΡΙΣΤΩΝ
1382 769 1453 809 ΟΣ
1478 784 1489 809 :
1518 768 1807 808 ΜΥΤΩΝΟΣ
1831 769 2020 821 (Pocock.
2047 768 2310 822 ΑΥΤΩΟΣ)

460 837 669 889 Μέτωνος
696 842 794 896 quod
820 843 1016 883 Ahrensio
1046 857 1178 884 sanum
1205 848 1266 884 est
1290 845 1412 885 visum
1438 843 1478 883 11
1504 858 1542 900 p.
1570 845 1664 895 521,
1693 848 1732 883 et
1758 843 1918 883 habetur
1944 838 2105 884 Μὺτων
2142 844 2314 900 Neptuni

461 915 513 955 fil.
543 930 603 970 ap.
623 916 806 971 Stephon.
823 917 922 970 Byz.
942 914 1171 979 Μυτιλήνη.
1227 917 1369 960 Verum
1395 922 1522 957 tamen
1550 930 1658 970 quum
1685 921 1840 971 praeter
1856 916 2054 971 Sponium,
2082 917 2313 958 Whelerum

459 994 499 1030 et
513 989 749 1030 Koehlerum
765 991 977 1031 Kramerus
1006 1006 1151 1044 quoque
1179 993 1378 1032 lectionem
1403 991 1732 1031 ΛΡΙΣΊὨΝΟΣ
1755 992 1953 1045 praebeat,
1980 992 2042 1031 hic
2071 997 2177 1032 certe
2203 992 2311 1032 Lea-

461 1063 591 1116 keum,
620 1064 725 1104 cuius
756 1064 828 1104 viri
854 1063 950 1104 fides
978 1064 1194 1121 plerumque
1223 1066 1437 1106 certissima
1465 1070 1540 1117 est,
1570 1078 1726 1105 errasse
1755 1065 1933 1106 arbitror.

238 1208 291 1251 N.
318 1210 425 1253 1500
452 1209 598 1265 Unger.
628 1211 755 1253 Theb.
782 1211 978 1252 paradox.
1007 1226 1045 1268 p.
1071 1215 1153 1252 464
1179 1226 1230 1252 ex
1255 1213 1352 1253 libro
1380 1213 1529 1253 Mau-it.
1560 1211 1692 1254 CXIV
1720 1211 1836 1252 affert
1861 1225 1899 1252 v.
1928 1215 1953 1252 1
1980 1208 2245 1262 μελαπίκου,
2274 1225 2314 1252 v.

461 1287 490 1325 8
516 1280 735 1335 ὁμολόχου,
767 1300 861 1339 quae
889 1286 1028 1326 nullius
1056 1299 1150 1326 usus
1180 1291 1280 1326 sunt.
1335 1286 1439 1326 Tum
1465 1300 1503 1326 v.
1530 1288 1558 1325 7
1583 1281 1796 1338 Μύρωνος
1821 1298 1891 1339 pro
1918 1284 2025 1338 vulg.
2051 1282 2182 1338 Μίρ.,
2210 1289 2251 1324 et
2275 1284 2316 1325 id

462 1357 610 1412 quidem
637 1360 809 1399 fortasse
836 1364 955 1399 recte.
1011 1356 1159 1399 Contra
1184 1371 1222 1398 v.
1241 1360 1293 1398 lo
1314 1354 1549 1412 Ἰουλιάδης
1575 1358 1829 1413 spernendum
1855 1358 1947 1412 mihi
1974 1358 2097 1397 visum
2120 1363 2181 1397 est
2195 1357 2313 1397 Anal.

459 1430 599 1486 Epigr.
635 1445 673 1486 p.
710 1435 813 1481 1613
856 1431 950 1471 adde
992 1431 1174 1484 exemplis
1215 1432 1380 1472 nominis
1415 1426 1627 1485 Οὗλιάδης
1666 1431 1787 1472 Ross.
1822 1430 1947 1471 Inscr.
1974 1430 2083 1471 Ined.
2110 1445 2149 1471 n.
2176 1433 2243 1472 87.
2270 1432 2311 1473 8.

462 1502 513 1546 V.
541 1505 595 1542 83
620 1503 685 1543 lib.
713 1502 831 1542 Matr.
860 1500 1113 1558 ὀημητριεύς
1138 1498 1289 1557 πάλην.
1342 1500 1393 1544 V.
1420 1504 1475 1541 25
1493 1498 1831 1559 Ἀπολλόδωρος
1850 1497 2192 1559 Ἀπολλοδώρου
2219 1503 2310 1546 Κυ-

467 1574 652 1631 ζικηνόςι
694 1577 793 1616 idem
827 1576 977 1615 videtur
1014 1590 1115 1624 esse„
1132 1577 1173 1615 in
1198 1576 1337 1615 Rossii
1364 1576 1473 1615 titulo
1500 1576 1685 1629 Myconio
1713 1590 1751 1615 n.
1780 1578 1871 1615 145.
1898 1579 1952 1615 22
1973 1572 2312 1632 ’Λπολλόδωρος

466 1646 741 1705 Κυζικ[ηνός,·
788 1651 1027 1705 cognominis
1066 1650 1161 1690 civis
1208 1649 1278 1689 sed
1310 1649 1687 1703 Aglaophontis
1724 1650 1753 1689 f.
1786 1655 1848 1689 est
1876 1648 1924 1690 C.
1951 1648 1990 1691 J.
2018 1664 2056 1691 n.
2085 1653 2212 1701 178o3
2266 1650 2313 1692 de

467 1724 655 1781 scriptore
683 1724 733 1766 A.
764 1722 861 1780 Cyz.
891 1723 1025 1765 confer
1051 1721 1287 1777 Marquardt.
1320 1721 1418 1777 Cyz.
1447 1736 1483 1763 u.
1514 1737 1546 1763 s.
1576 1721 1714 1764 Gebiet
1739 1737 1776 1778 p.
1806 1723 1898 1765 178.

707 1996 1253 2066 GLASSIS
1339 1996 1850 2064 TERTIA

286 2139 447 2198 DIIS
525 2136 918 2193 DEDIOATA
993 2135 1096 2189 ΕΤ
1169 2133 1375 2190 ACTA
1447 2134 1550 2188 DE
1626 2133 1907 2190 SERVIS
1975 2132 2268 2191 NUMINI

776 2229 1117 2286 DONATIS
1175 2230 1327 2284 VEL
1387 2228 1776 2283 VENDITIS.

697 2382 756 2428 A.
823 2380 1000 2428 Tituli
1032 2380 1119 2441 qui
1150 2396 1250 2427 non
1280 2383 1395 2426 sunt
1425 2379 1478 2425 in
1509 2378 1663 2441 Corp.
1694 2378 1861 2427 Inser-

1232 2496 1328 2554 IX.

350 2615 525 2675 eopia,
553 2628 692 2672 magna
716 2613 844 2656 tabula
868 2612 1020 2671 lapidea
1044 2613 1086 2655 in
1114 2612 1279 2655 eeclesia
1304 2612 1436 2670 proph.
1464 2611 1590 2656 Euae.
1643 2611 1774 2655 Edidit
1789 2611 1958 2656 mrichs.
1986 2612 2012 2655 1.
2030 2586 2057 2656 ιζ
2085 2627 2123 2671 p.
2141 2615 2313 2658 zos-4.

834 2716 1648 2762 ΑΡΧΑΝΔΡΙΣΚΑΙΠΩΝΟΣΤΟΝΟ
1654 2717 1794 2761 ΥΙΟΝ

833 2796 925 2835 ΚΗ
923 2796 969 2833 Π
969 2793 1221 2835 ΤΩΙΣΚΡΑ
1225 2793 1343 2833 ΤΩΝ
1346 2792 1417 2832 ΟΣ

836 2867 1512 2910 ΦΙΛΩΝΛΤΟΝΑΔΕΛΦΙΟΝ

836 2941 1083 2984 ΤῩΣΘΙΥΣ
