2692 3118
1337 165 1404 210 40

834 305 1177 348 ΤοΕΛΗοΧΡΙξ
1446 306 1495 350 τὸ
1533 304 1906 364 ἕληοχρισ[τείριον

693 384 721 422 5
825 380 1213 420 ΑΝΕΘΕΙΚΕΤΟΙ
1448 376 1647 423 ἆνέθεικε
1684 384 1753 424 τοῖ
1780 381 1875 434 [Δι’ὶ·

830 454 1226 493 ΤοΙΒΛξῙΛΕκΚ
1446 457 1516 496 τοῖ
1542 455 1753 510 Βασιλε[ῖ]
1790 455 1856 511 ub}
1894 457 1947 510 τῆ

826 526 968 565 ΓΟΛΙ
1443 525 1548 569 πόλι
1577 555 1588 566 .

431 654 603 695 Titulum
629 667 760 709 pugna
779 653 989 694 Leuctrica
1007 654 1261 696 recentiorem
1285 669 1392 708 esse,
1420 656 1482 697 vel
1508 656 1648 697 mentio
1675 655 1760 696 τῶν
1774 653 2013 697 Βασιλείων
2040 654 2167 707 docet,
2194 641 2292 708 ⁴quae
2319 661 2411 710 post

323 728 426 768 illam
461 728 634 766 instituta
670 732 781 779 sunt,
816 726 933 767 Diod.
964 727 1045 768 Sic.
1074 726 1165 771 XV.
1192 729 1259 770 53.
1322 729 1385 770 De
1413 729 1576 771 dialecto
1607 730 1648 771 in
1675 730 1895 771 universum
1921 743 1958 771 v.
1986 729 2156 770 Ahrens.
2184 727 2225 768 Π
2251 742 2289 783 p.
2316 729 2410 769 521.

322 800 374 842 V.
404 805 427 840 1
454 798 577 840 Νέων
606 805 691 851 est,
726 814 805 840 non
832 798 975 852 Νίων,
1011 802 1110 841 Ahr.
1139 815 1175 857 p.
1203 804 1296 843 518.
1360 803 1457 843 Eum
1483 803 1754 844 Lebadensem
1790 803 1939 855 fuisse,
1974 807 2081 843 recte
2109 801 2196 843 inde
2225 801 2411 857 colligere

321 874 412 915 mihi
439 873 588 924 videor,
625 873 724 927 quod
750 875 876 929 patria
902 889 982 914 non
1011 881 1072 914 est
1100 876 1239 915 addita.
1295 875 1440 916 Κλίων
1466 875 1633 924 Νίωνος
1670 876 1840 916 eiusdem
1868 877 1972 916 urbis
2002 876 2098 915 civis
2129 888 2179 914 ex
2206 888 2292 915 mea
2318 887 2409 915 con-

320 948 469 989 iectura
503 947 665 987 habetur
701 961 739 987 n.
780 948 896 987 1575.
924 951 965 988 8.
1032 948 1135 989 Tum
1170 944 1399 997 Εάσκωνος
1435 964 1516 990 cum
1549 950 1714 991 Leakeo
1743 950 1962 990 Ahrensius
1999 948 2156 1003 scripsit
2181 947 2223 987 H
2247 962 2287 1003 p.
2313 949 2407 988 516.

319 1021 421 1062 Mihi
449 1021 745 1076 supplementum
772 1021 914 1075 placuit
942 1023 1113 1077 amplius,
1143 1036 1221 1063 non
1248 1028 1455 1079 propterea
1484 1023 1582 1077 quod
1598 1036 1736 1064 nomen
1758 1018 2008 1070 Ἀσκώνδας
2036 1021 2236 1076 aliquoties
2265 1021 2410 1076 legitur

320 1096 542 1149 (Aristoph.
570 1094 691 1149 Vesp.
711 1098 830 1145 1191,
861 1096 966 1134 1383
994 1110 1027 1135 c.
1051 1097 1188 1148 schol,
1220 1093 1392 1151 Κράτης
1415 1092 1662 1136 Ἀσκώνδου
1694 1096 1885 1151 Θηβαῖος
1910 1095 2030 1151 Diog.
2059 1095 2197 1136 Laert.
2221 1093 2293 1138 VI.
2320 1094 2409 1147 85),

317 1169 482 1210 nominis
499 1162 676 1209 ”Aoum
704 1169 916 1223 exemplum
936 1169 1113 1210 desidero
1127 1185 1236 1211 —eo
1256 1172 1355 1210 enim
1384 1176 1609 1224 argumento
1637 1171 1733 1209 nihil
1760 1171 1987 1210 efficitur—
2006 1169 2077 1209 sed
2094 1169 2193 1222 quod
2211 1164 2409 1208 ’.Ασκών-

319 1242 399 1290 δας
426 1240 499 1282 καὶ
525 1239 650 1282 Νέων
678 1238 721 1281 οἱ
747 1238 994 1296 Βραχύλλου
1024 1239 1228 1298 πρόγονοι
1256 1258 1316 1298 ap.
1346 1243 1486 1297 Polyb.
1515 1243 1607 1283 XX.
1634 1245 1676 1294 5,
1704 1244 1732 1282 5
1759 1243 1883 1297 aliqua
1912 1244 2142 1296 cognatione
2171 1255 2254 1282 cum
2271 1241 2410 1281 Neone

318 1316 555 1371 agonotheta
581 1314 758 1354 videntur
786 1316 977 1354 coniuncti
1006 1317 1144 1359 fuisse.
1198 1316 1261 1355 Ex
1288 1317 1350 1355 his
1378 1316 1607 1367 hominibus,
1646 1315 1709 1369 qui
1737 1310 1844 1369 ἦσαν
1873 1311 1915 1355 οἶ
1940 1310 2137 1366 μάλιστα
2153 1310 2250 1355 τότε
2277 1327 2407 1365 μακε-

317 1386 562 1436 δονίζοντες,
594 1388 799 1426 manifesto
827 1392 938 1441 pater
966 1389 1037 1424 fuit
1063 1382 1332 1437 Ἀσκώνδας,
1371 1387 1471 1425 filins
1501 1384 1643 1432 Νέων,
1682 1386 1919 1428 Boeotorum
1956 1386 2156 1441 aliquando
2193 1383 2410 1440 ἵππαρχος

318 1462 474 1515 (Polyb.
504 1461 539 1512 ᾖ.
567 1461 627 1511 8),
653 1473 775 1513 nepos
804 1453 1060 1510 Βραχύλλης,
1102 1463 1192 1511 post
1228 1458 1416 1509 proelium
1444 1457 1493 1495 ad
1520 1457 1711 1496 Selasiam
1747 1459 1989 1498 commissum
2024 1459 2070 1497 ab
2098 1459 2299 1513 Antigono
2326 1458 2408 1498 La-

318 1534 539 1575 cedaemoni
575 1532 796 1587 praefectus
833 1531 938 1581 (Pol.
978 1531 1013 1581 ξ.
1042 1531 1125 1579 12).
1190 1528 1359 1568 Eosdem
1395 1533 1531 1582 postea
1568 1542 1590 1568 a
1626 1543 1721 1582 rege
1757 1530 1937 1585 Philippo
1977 1544 2122 1583 quoque
2160 1532 2262 1571 omni
2295 1531 2406 1572 modo

318 1608 471 1650 adiutos
499 1618 606 1655 esse,
636 1605 803 1659 scriptor
830 1602 947 1642 tradit
973 1602 1008 1654 §.
1038 1603 1103 1653 13,
1140 1601 1238 1641 unde
1267 1598 1603 1655 κατηγωνίσαντο
1631 1599 1731 1650 τοὺς
1756 1600 1802 1643 ἐν
1827 1604 1923 1650 ταῖς
1954 1599 2120 1656 Θήβαις
2147 1599 2294 1652 αὐτοῖς
2330 1600 2402 1644 ἆν-

316 1675 719 1730 τιπολιτευομένους
762 1674 835 1715 καὶ
880 1670 1042 1722 πάντας
1085 1669 1325 1729 ἠνάγκασαν
1360 1671 1674 1726 μακεδονίζειν,
1722 1674 1833 1730 πλὴν
1869 1673 2042 1725 τελέως·
2071 1671 2223 1730 ὀλίγων
2265 1679 2403 1720 τινῶν.

320 1754 472 1803 Quodsi
497 1753 561 1792 vel
588 1765 638 1791 ex
664 1752 725 1790 his
752 1750 881 1788 verbis
910 1762 988 1788 non
1015 1749 1099 1788 sine
1127 1749 1393 1802 probabilitate
1426 1750 1657 1802 conieceris,
1702 1750 1915 1790 Thebanos
1957 1749 2044 1790 illos
2082 1750 2231 1804 fuisse,
2273 1750 2406 1794 eadem

320 1828 448 1884 patria
475 1826 595 1867 altero
625 1839 772 1879 quoque
809 1828 1032 1876 argumento
1071 1824 1347 1876 comprobatur.
1410 1823 1509 1863 Nam
1537 1825 1600 1877 qui
1626 1825 1713 1864 Neo
1752 1838 1775 1864 a
1801 1825 1990 1863 Romanis
2032 1826 2161 1864 securi
2194 1838 2405 1880 percussus

321 1914 410 1942 esse
437 1904 636 1951 narratur,
676 1896 775 1952 quod
804 1910 850 1937 eo
881 1903 1035 1937 auctore
1063 1895 1204 1937 Boeoti
1241 1896 1464 1937 societatem
1494 1912 1576 1938 cum
1602 1898 1754 1938 Perseo
1782 1898 2004 1938 iunxissent
2042 1898 2151 1949 (Liv.
2179 1898 2310 1941 XLV.
2337 1901 2406 1950 81,

317 1974 456 2029 Polyb.
483 1972 654 2015 XXVII.
685 1975 708 2012 1
739 1977 778 2011 et
804 1972 862 2023 2),
900 1971 958 2023 is,
997 1975 1036 2011 et
1070 1971 1155 2026 ipse
1182 1969 1438 2011 Macedonum
1474 1976 1606 2027 partes
1637 1976 1790 2013 secutus
1818 1985 1926 2013 more
1962 1985 1985 2012 a
2020 1972 2228 2013 maioribus
2266 1972 2405 2014 tradito
2452 1967 2454 1969 ’

319 2049 472 2103 (Polyb.
501 2047 594 2088 XX.
621 2048 663 2098 5,
703 2049 756 2086 14
793 2044 846 2084 τὰ
875 2043 981 2084 κατὰ
1008 2043 1085 2098 τὴν
1114 2042 1250 2085 οἶκίαν
1277 2043 1354 2098 τὴν
1382 2042 1553 2092 Νέωνος
1578 2042 1778 2100 τοιαύτην
1805 2042 1932 2097 aa&
1962 2044 2038 2099 τὴν
2066 2041 2200 2101 ἀρχὴν
2227 2043 2300 2085 καὶ
2325 2046 2402 2099 τῆς

317 2120 426 2177 πρὸς
451 2116 708 2168 Μακεδόνας
734 2114 976 2165 συστάσεως
1011 2115 1085 2158 καὶ
1109 2119 1184 2172 τῆς
1210 2116 1318 2158 κατὰ
1346 2115 1422 2172 τὴν
1450 2113 1598 2158 οὐσίαν
1626 2115 1893 2171 ἐπιδόσεως),
1930 2132 2112 2175 proavum
2140 2118 2292 2159 videtur
2325 2118 2394 2158 ha-

317 2196 449 2235 buisse
476 2196 665 2246 Neonem,
694 2208 804 2234 avum
823 2193 1072 2246 Brachyllen,
1100 2197 1245 2246 patrem
1271 2191 1494 2231 Ascondam
1520 2192 1574 2244 Π,
1604 2193 1668 2246 qui
1694 2193 1812 2234 filium
1839 2206 1890 2233 ex
1918 2206 1988 2233 suo
2017 2204 2090 2232 avo
2117 2191 2254 2232 Neone
2281 2189 2302 2231 I
2329 2203 2399 2232 uo-

322 2268 561 2309 minavisset:

1062 2345 1312 2398 Ἀσκώνδας
1350 2354 1362 2374 “

1138 2404 1260 2495 N'e'aev
1396 2453 1533 2509 Polyb.

815 2564 893 2602 221
924 2575 959 2602 a.
979 2560 1053 2602 Ch.
1090 2510 1337 2665 Βροῑιχύλλης

1136 2664 1345 2707 Ascondas

855 2773 935 2812 168
962 2784 997 2810 a.
1029 2768 1101 2811 Ch.
1137 2722 1261 2813 ΝΙέων
1385 2769 1523 2824 Polyb.
1549 2770 1644 2812 Liv.

423 2878 511 2920 Jam
547 2889 642 2917 vero
681 2889 790 2930 quum
816 2875 901 2916 Neo
939 2876 1004 2917 ifle
1040 2877 1169 2918 iunior
1205 2891 1230 2918 a
1264 2875 1385 2917 Livio
1423 2875 1699 2917 Thebanus
1729 2873 1956 2930 appelletur,
1998 2870 2085 2926 quid
2112 2871 2159 2913 de
2187 2874 2399 2928 antiquiore

316 2955 474 3007 eiusque
501 2956 610 3008 patre
639 2955 679 2991 et
704 2950 783 2990 filio
813 2950 1049 2992 statuendum
1077 2951 1143 3003 sit,
1171 2955 1344 3006 apertum
1371 2953 1444 2990 est.
1499 2949 1569 3001 At,
1605 2948 1744 3002 inquit,
1776 2947 1952 2988 Neonem
1979 2947 2249 3001 agonothetam
2274 2946 2401 2988 videri
