<?xml version="1.0" encoding="UTF-8"?>
<!DOCTYPE html PUBLIC "-//W3C//DTD XHTML 1.0 Transitional//EN"
    "http://www.w3.org/TR/xhtml1/DTD/xhtml1-transitional.dtd">
<html xmlns="http://www.w3.org/1999/xhtml" xml:lang="en" lang="en">
 <head>
  <title>
</title>
<meta http-equiv="Content-Type" content="text/html;charset=utf-8" />
  <meta name='ocr-system' content='tesseract 3.04.00' />
  <meta name='ocr-capabilities' content='ocr_page ocr_carea ocr_par ocr_line ocrx_word'/>
</head>
<body>
  <div class='ocr_page' id='page_1' title='image "./4771404_0035.png"; bbox 0 0 2692 3118; ppageno 0'>
   <div class='ocr_carea' id='block_1_1' title="bbox 1234 156 1324 233">
    <p class='ocr_par' dir='ltr' id='par_1_1' title="bbox 1234 156 1324 233">
     <span class='ocr_line' id='line_1_1' title="bbox 1234 156 1324 233; baseline 0.011 -1"><span class='ocrx_word' id='word_1_1' title='bbox 1234 156 1324 233; x_wconf 34' lang='grc' dir='ltr'><strong>27μ</strong></span> 
     </span>
    </p>
   </div>
   <div class='ocr_carea' id='block_1_2' title="bbox 1150 250 1376 258">
    <p class='ocr_par' dir='ltr' id='par_1_2' title="bbox 1150 250 1376 258">
     <span class='ocr_line' id='line_1_2' title="bbox 1150 250 1376 258; baseline 0 2860"><span class='ocrx_word' id='word_1_2' title='bbox 1150 250 1376 258; x_wconf 95' lang='lat' dir='ltr'><strong> </strong></span> 
     </span>
    </p>
   </div>
   <div class='ocr_carea' id='block_1_3' title="bbox 427 335 2313 906">
    <p class='ocr_par' dir='ltr' id='par_1_3' title="bbox 427 335 2313 906">
     <span class='ocr_line' id='line_1_3' title="bbox 451 335 2313 391; baseline -0.001 -15"><span class='ocrx_word' id='word_1_3' title='bbox 451 349 681 391; x_wconf 82' lang='lat' dir='ltr'><strong>proponere.</strong></span> <span class='ocrx_word' id='word_1_4' title='bbox 737 336 859 375; x_wconf 87' lang='lat' dir='ltr'><strong>Tum:</strong></span> <span class='ocrx_word' id='word_1_5' title='bbox 895 336 1494 391; x_wconf 63' lang='grc' dir='ltr'><em>ΛΜΙΝΙΛΣΣΛΟΛῊΣΙΧΩς</em></span> <span class='ocrx_word' id='word_1_6' title='bbox 1538 338 1579 375; x_wconf 89' lang='lat' dir='ltr'><strong>in</strong></span> <span class='ocrx_word' id='word_1_7' title='bbox 1614 337 1745 390; x_wconf 88' lang='lat' dir='ltr'><strong>priore</strong></span> <span class='ocrx_word' id='word_1_8' title='bbox 1782 336 1935 375; x_wconf 87' lang='lat' dir='ltr'><strong>nomine</strong></span> <span class='ocrx_word' id='word_1_9' title='bbox 1969 349 2039 388; x_wconf 87' lang='lat' dir='ltr'><strong>pro</strong></span> <span class='ocrx_word' id='word_1_10' title='bbox 2066 335 2256 375; x_wconf 85' lang='lat' dir='ltr'><strong>Koehleri</strong></span> <span class='ocrx_word' id='word_1_11' title='bbox 2283 337 2313 374; x_wconf 94' lang='lat' dir='ltr'><strong><em>I</em></strong></span> 
     </span>
     <span class='ocr_line' id='line_1_4' title="bbox 450 403 2304 466; baseline -0.002 -13"><span class='ocrx_word' id='word_1_12' title='bbox 450 412 573 453; x_wconf 75' lang='lat' dir='ltr'><strong>altero</strong></span> <span class='ocrx_word' id='word_1_13' title='bbox 601 410 768 466; x_wconf 81' lang='lat' dir='ltr'><strong>Sponius</strong></span> <span class='ocrx_word' id='word_1_14' title='bbox 797 415 837 451; x_wconf 87' lang='lat' dir='ltr'><strong>et</strong></span> <span class='ocrx_word' id='word_1_15' title='bbox 863 409 1031 451; x_wconf 86' lang='lat' dir='ltr'><strong>Wheler</strong></span> <span class='ocrx_word' id='word_1_16' title='bbox 1062 410 1203 452; x_wconf 77' lang='lat' dir='ltr'><strong>habent</strong></span> <span class='ocrx_word' id='word_1_17' title='bbox 1234 413 1286 465; x_wconf 69' lang='grc' dir='ltr'><strong>Τ,</strong></span> <span class='ocrx_word' id='word_1_18' title='bbox 1320 419 1361 452; x_wconf 89' lang='lat' dir='ltr'><strong>ut</strong></span> <span class='ocrx_word' id='word_1_19' title='bbox 1386 411 1559 462; x_wconf 81' lang='lat' dir='ltr'><strong>dubites,</strong></span> <span class='ocrx_word' id='word_1_20' title='bbox 1594 415 1716 451; x_wconf 89' lang='lat' dir='ltr'><strong>utrum</strong></span> <span class='ocrx_word' id='word_1_21' title='bbox 1753 425 1836 450; x_wconf 89' lang='lat' dir='ltr'><strong>cum</strong></span> <span class='ocrx_word' id='word_1_22' title='bbox 1863 408 2067 450; x_wconf 85' lang='lat' dir='ltr'><strong>Boeckhio</strong></span> <span class='ocrx_word' id='word_1_23' title='bbox 2099 403 2304 464; x_wconf 70' lang='grc' dir='ltr'><strong>’ᾼμινίας</strong></span> 
     </span>
     <span class='ocr_line' id='line_1_5' title="bbox 446 479 2302 540; baseline -0.001 -14"><span class='ocrx_word' id='word_1_24' title='bbox 446 484 506 538; x_wconf 90' lang='grc' dir='ltr'><strong>(ιι.</strong></span> <span class='ocrx_word' id='word_1_25' title='bbox 536 485 652 527; x_wconf 76' lang='lat'>1584.</span> <span class='ocrx_word' id='word_1_26' title='bbox 681 487 748 539; x_wconf 82' lang='grc'><strong>16,</strong></span> <span class='ocrx_word' id='word_1_27' title='bbox 775 484 830 526; x_wconf 80' lang='grc'><strong>25</strong></span> <span class='ocrx_word' id='word_1_28' title='bbox 854 497 893 525; x_wconf 96' lang='grc' dir='ltr'><strong>ιι.</strong></span> <span class='ocrx_word' id='word_1_29' title='bbox 923 485 1040 526; x_wconf 83' lang='grc'><strong>1668.</strong></span> <span class='ocrx_word' id='word_1_30' title='bbox 1066 484 1105 526; x_wconf 93' lang='lat' dir='ltr'><strong>h.</strong></span> <span class='ocrx_word' id='word_1_31' title='bbox 1132 485 1200 538; x_wconf 77' lang='grc'><strong>86)</strong></span> <span class='ocrx_word' id='word_1_32' title='bbox 1230 498 1279 526; x_wconf 85' lang='lat' dir='ltr'><strong>an</strong></span> <span class='ocrx_word' id='word_1_33' title='bbox 1301 479 1551 538; x_wconf 79' lang='grc' dir='ltr'><strong><em>Ἀμ[ύ]ντας</em></strong></span> <span class='ocrx_word' id='word_1_34' title='bbox 1577 484 1747 535; x_wconf 79' lang='lat' dir='ltr'><strong>scribas3</strong></span> <span class='ocrx_word' id='word_1_35' title='bbox 1782 484 1823 524; x_wconf 90' lang='lat' dir='ltr'><strong>in</strong></span> <span class='ocrx_word' id='word_1_36' title='bbox 1851 497 1922 540; x_wconf 90' lang='lat' dir='ltr'><strong>quo</strong></span> <span class='ocrx_word' id='word_1_37' title='bbox 1950 497 2001 525; x_wconf 90' lang='lat' dir='ltr'><strong>ne</strong></span> <span class='ocrx_word' id='word_1_38' title='bbox 2029 481 2302 540; x_wconf 84' lang='lat' dir='ltr'><strong>diphthongum</strong></span> 
     </span>
     <span class='ocr_line' id='line_1_6' title="bbox 451 549 2304 615; baseline -0.002 -16"><span class='ocrx_word' id='word_1_39' title='bbox 451 572 502 599; x_wconf 88' lang='lat' dir='ltr'><strong>ov</strong></span> <span class='ocrx_word' id='word_1_40' title='bbox 530 564 734 615; x_wconf 78' lang='lat' dir='ltr'><strong>exspectes</strong></span> <span class='ocrx_word' id='word_1_41' title='bbox 763 559 899 598; x_wconf 84' lang='lat' dir='ltr'><strong>confer</strong></span> <span class='ocrx_word' id='word_1_42' title='bbox 926 572 963 598; x_wconf 76' lang='lat' dir='ltr'><strong>V.</strong></span> <span class='ocrx_word' id='word_1_43' title='bbox 989 561 1016 597; x_wconf 75' lang='lat'><strong>8</strong></span> <span class='ocrx_word' id='word_1_44' title='bbox 1042 556 1364 615; x_wconf 74' lang='grc' dir='ltr'><strong>Διονυσόδωρος</strong></span> <span class='ocrx_word' id='word_1_45' title='bbox 1391 566 1431 599; x_wconf 89' lang='lat' dir='ltr'><strong>et</strong></span> <span class='ocrx_word' id='word_1_46' title='bbox 1455 573 1493 599; x_wconf 83' lang='lat' dir='ltr'><strong>v.</strong></span> <span class='ocrx_word' id='word_1_47' title='bbox 1523 549 1577 598; x_wconf 78' lang='lat' dir='ltr'><strong>Io</strong></span> <span class='ocrx_word' id='word_1_48' title='bbox 1596 555 1831 610; x_wconf 78' lang='grc' dir='ltr'><strong><em>Ὀλύμπιος</em></strong></span> <span class='ocrx_word' id='word_1_49' title='bbox 1856 560 1972 610; x_wconf 82' lang='lat' dir='ltr'><strong>(Ahr.</strong></span> <span class='ocrx_word' id='word_1_50' title='bbox 2000 559 2020 597; x_wconf 94' lang='lat'>1</span> <span class='ocrx_word' id='word_1_51' title='bbox 2046 573 2084 614; x_wconf 90' lang='lat' dir='ltr'><strong>p.</strong></span> <span class='ocrx_word' id='word_1_52' title='bbox 2114 559 2227 609; x_wconf 84' lang='lat'>181),</span> <span class='ocrx_word' id='word_1_53' title='bbox 2265 565 2304 596; x_wconf 89' lang='lat' dir='ltr'><strong>et</strong></span> 
     </span>
     <span class='ocr_line' id='line_1_7' title="bbox 427 632 2303 686; baseline 0.001 -18"><span class='ocrx_word' id='word_1_54' title='bbox 427 666 430 668; x_wconf 90' lang='lat'><strong>.</strong></span> <span class='ocrx_word' id='word_1_55' title='bbox 450 634 499 673; x_wconf 79' lang='lat' dir='ltr'><strong>ad</strong></span> <span class='ocrx_word' id='word_1_56' title='bbox 525 635 649 686; x_wconf 88' lang='lat' dir='ltr'><strong>ipsum</strong></span> <span class='ocrx_word' id='word_1_57' title='bbox 674 646 813 671; x_wconf 89' lang='lat' dir='ltr'><strong>nomen</strong></span> <span class='ocrx_word' id='word_1_58' title='bbox 839 634 983 671; x_wconf 86' lang='lat' dir='ltr'><strong>titulum</strong></span> <span class='ocrx_word' id='word_1_59' title='bbox 1009 633 1149 672; x_wconf 88' lang='lat' dir='ltr'><strong>Rossii</strong></span> <span class='ocrx_word' id='word_1_60' title='bbox 1175 634 1276 672; x_wconf 85' lang='lat' dir='ltr'><strong>ined.</strong></span> <span class='ocrx_word' id='word_1_61' title='bbox 1305 635 1361 684; x_wconf 90' lang='lat' dir='ltr'><strong>(in</strong></span> <span class='ocrx_word' id='word_1_62' title='bbox 1386 647 1494 672; x_wconf 88' lang='lat' dir='ltr'><strong>muro</strong></span> <span class='ocrx_word' id='word_1_63' title='bbox 1524 633 1662 671; x_wconf 84' lang='lat' dir='ltr'><strong>eccles.</strong></span> <span class='ocrx_word' id='word_1_64' title='bbox 1681 633 1898 670; x_wconf 77' lang='lat' dir='ltr'><strong>Taxiarchi</strong></span> <span class='ocrx_word' id='word_1_65' title='bbox 1923 645 2045 685; x_wconf 80' lang='lat' dir='ltr'><strong>prope</strong></span> <span class='ocrx_word' id='word_1_66' title='bbox 2066 632 2303 681; x_wconf 83' lang='lat' dir='ltr'><strong>Coroneam)</strong></span> 
     </span>
     <span class='ocr_line' id='line_1_8' title="bbox 449 702 2302 760; baseline -0.001 -14"><span class='ocrx_word' id='word_1_67' title='bbox 449 706 755 757; x_wconf 58' lang='lat' dir='ltr'><em>AMONTAS,</em></span> <span class='ocrx_word' id='word_1_68' title='bbox 785 708 870 746; x_wconf 84' lang='lat' dir='ltr'><strong>sive</strong></span> <span class='ocrx_word' id='word_1_69' title='bbox 894 702 1113 757; x_wconf 77' lang='grc' dir='ltr'><strong><em>’Λμύντας</em></strong></span> <span class='ocrx_word' id='word_1_70' title='bbox 1140 708 1223 746; x_wconf 83' lang='lat' dir='ltr'><strong>sive</strong></span> <span class='ocrx_word' id='word_1_71' title='bbox 1245 702 1489 757; x_wconf 76' lang='grc' dir='ltr'><strong><em>’Λμούντας</em></strong></span> <span class='ocrx_word' id='word_1_72' title='bbox 1515 707 1600 746; x_wconf 85' lang='lat' dir='ltr'><strong>fuit.</strong></span> <span class='ocrx_word' id='word_1_73' title='bbox 1642 706 1741 745; x_wconf 86' lang='lat' dir='ltr'><strong>Illud</strong></span> <span class='ocrx_word' id='word_1_74' title='bbox 1771 712 1988 760; x_wconf 84' lang='lat' dir='ltr'><strong>corruptum</strong></span> <span class='ocrx_word' id='word_1_75' title='bbox 2015 705 2177 745; x_wconf 88' lang='lat' dir='ltr'><strong>videtur.</strong></span> <span class='ocrx_word' id='word_1_76' title='bbox 2224 706 2302 745; x_wconf 86' lang='lat' dir='ltr'><strong>Pa-</strong></span> 
     </span>
     <span class='ocr_line' id='line_1_9' title="bbox 451 776 2302 835; baseline -0.001 -14"><span class='ocrx_word' id='word_1_77' title='bbox 451 779 524 821; x_wconf 85' lang='lat' dir='ltr'><strong>tris</strong></span> <span class='ocrx_word' id='word_1_78' title='bbox 552 794 689 822; x_wconf 88' lang='lat' dir='ltr'><strong>nomen</strong></span> <span class='ocrx_word' id='word_1_79' title='bbox 715 776 983 831; x_wconf 82' lang='grc' dir='ltr'><strong><em>Σαολασίχω,</em></strong></span> <span class='ocrx_word' id='word_1_80' title='bbox 1021 779 1222 822; x_wconf 91' lang='lat' dir='ltr'><strong>Boeckhio</strong></span> <span class='ocrx_word' id='word_1_81' title='bbox 1249 780 1325 835; x_wconf 85' lang='lat' dir='ltr'><strong>ipsi</strong></span> <span class='ocrx_word' id='word_1_82' title='bbox 1350 779 1460 822; x_wconf 83' lang='lat' dir='ltr'><strong>valde</strong></span> <span class='ocrx_word' id='word_1_83' title='bbox 1492 779 1656 831; x_wconf 92' lang='lat' dir='ltr'><strong>dubium,</strong></span> <span class='ocrx_word' id='word_1_84' title='bbox 1701 794 1752 821; x_wconf 88' lang='lat' dir='ltr'><strong>ex</strong></span> <span class='ocrx_word' id='word_1_85' title='bbox 1778 779 1999 821; x_wconf 81' lang='lat' dir='ltr'><strong>coniectura</strong></span> <span class='ocrx_word' id='word_1_86' title='bbox 2024 779 2066 821; x_wconf 91' lang='lat' dir='ltr'><strong>in</strong></span> <span class='ocrx_word' id='word_1_87' title='bbox 2091 779 2165 821; x_wconf 90' lang='lat' dir='ltr'><strong>hoc</strong></span> <span class='ocrx_word' id='word_1_88' title='bbox 2194 778 2302 821; x_wconf 86' lang='lat' dir='ltr'><strong>titulo</strong></span> 
     </span>
     <span class='ocr_line' id='line_1_10' title="bbox 450 843 2303 906; baseline 0 -13"><span class='ocrx_word' id='word_1_89' title='bbox 450 853 621 894; x_wconf 78' lang='lat' dir='ltr'><strong>fortasse</strong></span> <span class='ocrx_word' id='word_1_90' title='bbox 648 843 726 894; x_wconf 90' lang='lat' dir='ltr'><strong>non</strong></span> <span class='ocrx_word' id='word_1_91' title='bbox 752 854 865 895; x_wconf 85' lang='lat' dir='ltr'><strong>nimis</strong></span> <span class='ocrx_word' id='word_1_92' title='bbox 895 853 1028 895; x_wconf 82' lang='lat' dir='ltr'>audaci</span> <span class='ocrx_word' id='word_1_93' title='bbox 1054 853 1274 895; x_wconf 81' lang='lat' dir='ltr'><strong>refinxerim</strong></span> <span class='ocrx_word' id='word_1_94' title='bbox 1300 854 1341 894; x_wconf 88' lang='lat' dir='ltr'><strong>in</strong></span> <span class='ocrx_word' id='word_1_95' title='bbox 1366 850 1609 906; x_wconf 80' lang='grc' dir='ltr'><strong><em>Σαυμείλω,</em></strong></span> <span class='ocrx_word' id='word_1_96' title='bbox 1645 858 1685 894; x_wconf 89' lang='lat' dir='ltr'><strong>ut</strong></span> <span class='ocrx_word' id='word_1_97' title='bbox 1712 857 1774 893; x_wconf 90' lang='lat' dir='ltr'><strong>est</strong></span> <span class='ocrx_word' id='word_1_98' title='bbox 1799 866 1837 894; x_wconf 88' lang='lat' dir='ltr'><strong>v.</strong></span> <span class='ocrx_word' id='word_1_99' title='bbox 1865 855 1917 893; x_wconf 95' lang='grc'><strong>12</strong></span> <span class='ocrx_word' id='word_1_100' title='bbox 1945 849 2169 902; x_wconf 76' lang='grc' dir='ltr'><strong><em>Ξενοκλεῖς</em></strong></span> <span class='ocrx_word' id='word_1_101' title='bbox 2192 853 2303 893; x_wconf 86' lang='grc' dir='ltr'><strong><em>Σαυ-</em></strong></span> 
     </span>
    </p>
   </div>
   <div class='ocr_carea' id='block_1_4' title="bbox 447 924 1394 1024">
    <p class='ocr_par' dir='ltr' id='par_1_4' title="bbox 447 924 1394 1024">
     <span class='ocr_line' id='line_1_11' title="bbox 447 924 802 978; baseline -0.003 -10"><span class='ocrx_word' id='word_1_102' title='bbox 447 924 592 978; x_wconf 88' lang='grc' dir='ltr'><strong>μείλω.</strong></span> <span class='ocrx_word' id='word_1_103' title='bbox 653 926 802 967; x_wconf 79' lang='lat' dir='ltr'><strong>Confer</strong></span> 
     </span>
     <span class='ocr_line' id='line_1_12' title="bbox 990 982 1394 1024; baseline 0.007 -3"><span class='ocrx_word' id='word_1_104' title='bbox 990 982 1327 1024; x_wconf 80' lang='grc' dir='ltr'><em>ΣΑΟΑΛΣΙΧΩ</em></span> <span class='ocrx_word' id='word_1_105' title='bbox 1355 988 1394 1024; x_wconf 81' lang='lat' dir='ltr'><strong>et</strong></span> 
     </span>
    </p>
   </div>
   <div class='ocr_carea' id='block_1_5' title="bbox 987 1056 1317 1097">
    <p class='ocr_par' dir='ltr' id='par_1_5' title="bbox 987 1056 1317 1097">
     <span class='ocr_line' id='line_1_13' title="bbox 987 1056 1317 1097; baseline 0.003 -1"><span class='ocrx_word' id='word_1_106' title='bbox 987 1056 1069 1096; x_wconf 80' lang='grc' dir='ltr'><strong>ΣΛ</strong></span> <span class='ocrx_word' id='word_1_107' title='bbox 1075 1056 1317 1097; x_wconf 66' lang='grc' dir='ltr'><strong>ΚΜΕΙΛΩ.</strong></span> 
     </span>
    </p>
   </div>
   <div class='ocr_carea' id='block_1_6' title="bbox 442 1125 2301 1352">
    <p class='ocr_par' dir='ltr' id='par_1_6' title="bbox 442 1125 2301 1352">
     <span class='ocr_line' id='line_1_14' title="bbox 446 1125 2301 1206; baseline -0.002 -13"><span class='ocrx_word' id='word_1_108' title='bbox 446 1149 497 1193; x_wconf 87' lang='lat' dir='ltr'><strong>V.</strong></span> <span class='ocrx_word' id='word_1_109' title='bbox 524 1153 552 1191; x_wconf 70' lang='lat'>⁷</span> <span class='ocrx_word' id='word_1_110' title='bbox 572 1144 868 1206; x_wconf 78' lang='grc' dir='ltr'><strong>,Ἀριστογίτων</strong></span> <span class='ocrx_word' id='word_1_111' title='bbox 892 1125 1209 1192; x_wconf 80' lang='grc' dir='ltr'><em>ΜΝΑΣΙΜΟΣ</em></span> <span class='ocrx_word' id='word_1_112' title='bbox 1233 1151 1383 1206; x_wconf 84' lang='lat' dir='ltr'><strong>(Whel.</strong></span> <span class='ocrx_word' id='word_1_113' title='bbox 1411 1152 1597 1204; x_wconf 87' lang='grc' dir='ltr'><em>ΛΛΟΣ)</em></span> <span class='ocrx_word' id='word_1_114' title='bbox 1624 1148 1841 1202; x_wconf 84' lang='grc' dir='ltr'><strong><em>Μνασίμω</em></strong></span> <span class='ocrx_word' id='word_1_115' title='bbox 1868 1150 1931 1191; x_wconf 82' lang='lat' dir='ltr'><strong>vel</strong></span> <span class='ocrx_word' id='word_1_116' title='bbox 1956 1146 2193 1191; x_wconf 78' lang='grc' dir='ltr'><strong><em>Μνασίλλω</em></strong></span> <span class='ocrx_word' id='word_1_117' title='bbox 2221 1148 2301 1190; x_wconf 89' lang='lat' dir='ltr'><strong>edi-</strong></span> 
     </span>
     <span class='ocr_line' id='line_1_15' title="bbox 444 1219 2300 1281; baseline -0.002 -15"><span class='ocrx_word' id='word_1_118' title='bbox 444 1230 527 1275; x_wconf 80' lang='lat' dir='ltr'><strong>tor3</strong></span> <span class='ocrx_word' id='word_1_119' title='bbox 564 1224 735 1280; x_wconf 89' lang='lat' dir='ltr'><strong>equidem</strong></span> <span class='ocrx_word' id='word_1_120' title='bbox 764 1224 941 1281; x_wconf 87' lang='lat' dir='ltr'><strong>suspicor</strong></span> <span class='ocrx_word' id='word_1_121' title='bbox 966 1221 1262 1279; x_wconf 78' lang='grc' dir='ltr'><strong>Μνασί[ων]ος,</strong></span> <span class='ocrx_word' id='word_1_122' title='bbox 1291 1240 1329 1267; x_wconf 95' lang='grc' dir='ltr'><strong>ιι.</strong></span> <span class='ocrx_word' id='word_1_123' title='bbox 1348 1225 1469 1277; x_wconf 73' lang='grc'><strong>1574,</strong></span> <span class='ocrx_word' id='word_1_124' title='bbox 1499 1227 1565 1277; x_wconf 73' lang='grc' dir='ltr'><strong>ΙΊ,</strong></span> <span class='ocrx_word' id='word_1_125' title='bbox 1595 1226 1659 1266; x_wconf 92' lang='grc'><strong>19.</strong></span> <span class='ocrx_word' id='word_1_126' title='bbox 1708 1219 2071 1279; x_wconf 75' lang='grc' dir='ltr'><strong>Ἄρισστογείτων,</strong></span> <span class='ocrx_word' id='word_1_127' title='bbox 2103 1222 2173 1263; x_wconf 86' lang='lat' dir='ltr'><strong>sed</strong></span> <span class='ocrx_word' id='word_1_128' title='bbox 2191 1222 2300 1263; x_wconf 89' lang='lat' dir='ltr'><strong>The·</strong></span> 
     </span>
     <span class='ocr_line' id='line_1_16' title="bbox 442 1296 2300 1352; baseline -0.002 -12"><span class='ocrx_word' id='word_1_129' title='bbox 442 1299 579 1352; x_wconf 82' lang='lat' dir='ltr'><strong>banus,</strong></span> <span class='ocrx_word' id='word_1_130' title='bbox 608 1300 751 1340; x_wconf 77' lang='lat' dir='ltr'><strong>artifex</strong></span> <span class='ocrx_word' id='word_1_131' title='bbox 770 1305 831 1340; x_wconf 87' lang='lat' dir='ltr'><strong>est</strong></span> <span class='ocrx_word' id='word_1_132' title='bbox 852 1298 898 1350; x_wconf 87' lang='lat' dir='ltr'><strong>C.</strong></span> <span class='ocrx_word' id='word_1_133' title='bbox 909 1298 948 1340; x_wconf 87' lang='lat' dir='ltr'><strong>J.</strong></span> <span class='ocrx_word' id='word_1_134' title='bbox 967 1313 1006 1340; x_wconf 91' lang='lat' dir='ltr'><strong>n.</strong></span> <span class='ocrx_word' id='word_1_135' title='bbox 1025 1301 1091 1340; x_wconf 80' lang='grc'><strong>25.</strong></span> <span class='ocrx_word' id='word_1_136' title='bbox 1107 1301 1146 1340; x_wconf 75' lang='grc'><strong>3.</strong></span> <span class='ocrx_word' id='word_1_137' title='bbox 1201 1299 1251 1343; x_wconf 91' lang='lat' dir='ltr'><strong>V.</strong></span> <span class='ocrx_word' id='word_1_138' title='bbox 1267 1302 1296 1340; x_wconf 91' lang='grc'><strong>8</strong></span> <span class='ocrx_word' id='word_1_139' title='bbox 1322 1297 2040 1340; x_wconf 70' lang='grc' dir='ltr'><em>ΚΑΜΝΗΙΩΝΟΣΚΑΡΛΙΧΟΣ</em></span> <span class='ocrx_word' id='word_1_140' title='bbox 2060 1296 2300 1348; x_wconf 83' lang='lat' dir='ltr'><strong>Boeckhius,</strong></span> 
     </span>
    </p>
   </div>
   <div class='ocr_carea' id='block_1_7' title="bbox 432 1368 2301 2833">
    <p class='ocr_par' dir='ltr' id='par_1_7' title="bbox 432 1368 2301 2833">
     <span class='ocr_line' id='line_1_17' title="bbox 448 1368 2301 1428; baseline -0.002 -16"><span class='ocrx_word' id='word_1_141' title='bbox 448 1373 485 1412; x_wconf 85' lang='lat' dir='ltr'><strong>si</strong></span> <span class='ocrx_word' id='word_1_142' title='bbox 511 1374 605 1412; x_wconf 82' lang='lat' dir='ltr'><strong>haec</strong></span> <span class='ocrx_word' id='word_1_143' title='bbox 633 1387 715 1412; x_wconf 89' lang='lat' dir='ltr'><strong>cum</strong></span> <span class='ocrx_word' id='word_1_144' title='bbox 749 1375 799 1412; x_wconf 90' lang='lat' dir='ltr'><strong>iis</strong></span> <span class='ocrx_word' id='word_1_145' title='bbox 837 1387 933 1426; x_wconf 85' lang='lat' dir='ltr'><strong>quae</strong></span> <span class='ocrx_word' id='word_1_146' title='bbox 960 1373 1194 1428; x_wconf 84' lang='lat' dir='ltr'><strong>praecedunt</strong></span> <span class='ocrx_word' id='word_1_147' title='bbox 1220 1375 1522 1427; x_wconf 79' lang='lat' dir='ltr'><strong>coniungantur,</strong></span> <span class='ocrx_word' id='word_1_148' title='bbox 1565 1374 1684 1411; x_wconf 83' lang='lat' dir='ltr'><strong>scribi</strong></span> <span class='ocrx_word' id='word_1_149' title='bbox 1714 1386 1835 1427; x_wconf 89' lang='lat' dir='ltr'><strong>posse</strong></span> <span class='ocrx_word' id='word_1_150' title='bbox 1863 1372 2059 1412; x_wconf 70' lang='lat' dir='ltr'><strong>annotavit</strong></span> <span class='ocrx_word' id='word_1_151' title='bbox 2086 1368 2301 1421; x_wconf 80' lang='grc' dir='ltr'><strong><em>Μνασίμω</em></strong></span> 
     </span>
     <span class='ocr_line' id='line_1_18' title="bbox 449 1443 2300 1500; baseline -0.001 -16"><span class='ocrx_word' id='word_1_152' title='bbox 449 1443 615 1498; x_wconf 41' lang='grc' dir='ltr'><strong>(ῂ-ίλλω)</strong></span> <span class='ocrx_word' id='word_1_153' title='bbox 633 1447 709 1484; x_wconf 85' lang='grc' dir='ltr'><strong>τοῦ</strong></span> <span class='ocrx_word' id='word_1_154' title='bbox 736 1444 809 1483; x_wconf 82' lang='grc' dir='ltr'><strong>καὶ</strong></span> <span class='ocrx_word' id='word_1_155' title='bbox 834 1444 1065 1496; x_wconf 76' lang='grc' dir='ltr'><strong>Μνηΐωνος.</strong></span> <span class='ocrx_word' id='word_1_156' title='bbox 1118 1446 1310 1483; x_wconf 83' lang='lat' dir='ltr'><strong>Praetulit</strong></span> <span class='ocrx_word' id='word_1_157' title='bbox 1333 1452 1473 1496; x_wconf 79' lang='lat' dir='ltr'><strong>tamen,</strong></span> <span class='ocrx_word' id='word_1_158' title='bbox 1500 1448 1613 1485; x_wconf 77' lang='lat' dir='ltr'><strong>KAJ</strong></span> <span class='ocrx_word' id='word_1_159' title='bbox 1634 1460 1703 1500; x_wconf 90' lang='lat' dir='ltr'><strong>pro</strong></span> <span class='ocrx_word' id='word_1_160' title='bbox 1733 1451 1911 1500; x_wconf 89' lang='lat' dir='ltr'><strong>corrupto</strong></span> <span class='ocrx_word' id='word_1_161' title='bbox 1939 1446 2082 1484; x_wconf 84' lang='lat' dir='ltr'><strong>habere</strong></span> <span class='ocrx_word' id='word_1_162' title='bbox 2112 1450 2151 1483; x_wconf 91' lang='lat' dir='ltr'><strong>et</strong></span> <span class='ocrx_word' id='word_1_163' title='bbox 2178 1445 2300 1484; x_wconf 84' lang='lat' dir='ltr'><strong>solum</strong></span> 
     </span>
     <span class='ocr_line' id='line_1_19' title="bbox 444 1504 2299 1573; baseline -0.001 -15"><span class='ocrx_word' id='word_1_164' title='bbox 444 1516 671 1571; x_wconf 81' lang='grc' dir='ltr'><strong><em>Μνηΐωνος</em></strong></span> <span class='ocrx_word' id='word_1_165' title='bbox 696 1531 854 1572; x_wconf 87' lang='lat' dir='ltr'><strong>ponere.</strong></span> <span class='ocrx_word' id='word_1_166' title='bbox 908 1514 1009 1556; x_wconf 86' lang='lat' dir='ltr'><strong>Mihi</strong></span> <span class='ocrx_word' id='word_1_167' title='bbox 1026 1515 1066 1557; x_wconf 88' lang='lat' dir='ltr'><strong>id</strong></span> <span class='ocrx_word' id='word_1_168' title='bbox 1085 1504 1237 1568; x_wconf 87' lang='lat' dir='ltr'><strong>nomen,</strong></span> <span class='ocrx_word' id='word_1_169' title='bbox 1265 1516 1461 1557; x_wconf 82' lang='lat' dir='ltr'><strong>Ahrensio</strong></span> <span class='ocrx_word' id='word_1_170' title='bbox 1488 1517 1510 1557; x_wconf 92' lang='lat'>1</span> <span class='ocrx_word' id='word_1_171' title='bbox 1528 1532 1566 1572; x_wconf 92' lang='lat' dir='ltr'><strong>p.</strong></span> <span class='ocrx_word' id='word_1_172' title='bbox 1595 1520 1674 1559; x_wconf 84' lang='lat'><strong>185</strong></span> <span class='ocrx_word' id='word_1_173' title='bbox 1694 1524 1852 1573; x_wconf 87' lang='lat' dir='ltr'><strong>propter</strong></span> <span class='ocrx_word' id='word_1_174' title='bbox 1868 1534 1894 1572; x_wconf 88' lang='grc' dir='ltr'><em>η</em></span> <span class='ocrx_word' id='word_1_175' title='bbox 1917 1523 2148 1573; x_wconf 85' lang='lat' dir='ltr'><strong>suspectum,</strong></span> <span class='ocrx_word' id='word_1_176' title='bbox 2178 1531 2299 1570; x_wconf 83' lang='lat' dir='ltr'><strong>aeque</strong></span> 
     </span>
     <span class='ocr_line' id='line_1_20' title="bbox 444 1588 2299 1645; baseline -0.001 -13"><span class='ocrx_word' id='word_1_177' title='bbox 444 1592 585 1632; x_wconf 77' lang='lat' dir='ltr'><strong>falsum</strong></span> <span class='ocrx_word' id='word_1_178' title='bbox 612 1591 763 1631; x_wconf 85' lang='lat' dir='ltr'><strong>videtur</strong></span> <span class='ocrx_word' id='word_1_179' title='bbox 792 1605 882 1632; x_wconf 86' lang='lat' dir='ltr'><strong>esse</strong></span> <span class='ocrx_word' id='word_1_180' title='bbox 910 1596 1020 1645; x_wconf 86' lang='lat' dir='ltr'><strong>atque</strong></span> <span class='ocrx_word' id='word_1_181' title='bbox 1046 1588 1198 1645; x_wconf 82' lang='grc' dir='ltr'><strong><em>Μνηΐα</em></strong></span> <span class='ocrx_word' id='word_1_182' title='bbox 1233 1591 1274 1631; x_wconf 91' lang='lat' dir='ltr'><strong>in</strong></span> <span class='ocrx_word' id='word_1_183' title='bbox 1302 1590 1469 1632; x_wconf 89' lang='lat' dir='ltr'><strong>Ulrichs.</strong></span> <span class='ocrx_word' id='word_1_184' title='bbox 1498 1592 1555 1631; x_wconf 86' lang='lat' dir='ltr'><strong>tit.</strong></span> <span class='ocrx_word' id='word_1_185' title='bbox 1587 1591 1744 1632; x_wconf 86' lang='lat' dir='ltr'><strong>Tithor.</strong></span> <span class='ocrx_word' id='word_1_186' title='bbox 1773 1592 1825 1632; x_wconf 91' lang='lat'><strong>11.</strong></span> <span class='ocrx_word' id='word_1_187' title='bbox 1854 1596 1878 1631; x_wconf 94' lang='lat'>1</span> <span class='ocrx_word' id='word_1_188' title='bbox 1904 1592 2010 1632; x_wconf 82' lang='lat' dir='ltr'><strong>Mus.</strong></span> <span class='ocrx_word' id='word_1_189' title='bbox 2038 1591 2164 1632; x_wconf 86' lang='lat' dir='ltr'><strong>Rhen.</strong></span> <span class='ocrx_word' id='word_1_190' title='bbox 2193 1593 2299 1632; x_wconf 70' lang='lat'><strong>1848</strong></span> 
     </span>
     <span class='ocr_line' id='line_1_21' title="bbox 443 1662 2297 1724; baseline -0.001 -17"><span class='ocrx_word' id='word_1_191' title='bbox 443 1679 482 1724; x_wconf 87' lang='lat' dir='ltr'><strong>p.</strong></span> <span class='ocrx_word' id='word_1_192' title='bbox 503 1667 597 1719; x_wconf 74' lang='lat'>554,</span> <span class='ocrx_word' id='word_1_193' title='bbox 626 1666 691 1706; x_wconf 91' lang='lat' dir='ltr'><strong>ubi</strong></span> <span class='ocrx_word' id='word_1_194' title='bbox 717 1666 758 1706; x_wconf 90' lang='lat' dir='ltr'><strong>in</strong></span> <span class='ocrx_word' id='word_1_195' title='bbox 783 1665 909 1722; x_wconf 82' lang='lat' dir='ltr'><strong>lapide</strong></span> <span class='ocrx_word' id='word_1_196' title='bbox 927 1669 988 1705; x_wconf 83' lang='lat' dir='ltr'><strong>est</strong></span> <span class='ocrx_word' id='word_1_197' title='bbox 1003 1666 1250 1705; x_wconf 82' lang='grc' dir='ltr'><strong>ΜΝΛΣΙΑ.</strong></span> <span class='ocrx_word' id='word_1_198' title='bbox 1305 1665 1495 1720; x_wconf 84' lang='lat' dir='ltr'><strong>Legerim</strong></span> <span class='ocrx_word' id='word_1_199' title='bbox 1517 1666 1646 1721; x_wconf 86' lang='lat' dir='ltr'><strong>potius</strong></span> <span class='ocrx_word' id='word_1_200' title='bbox 1665 1662 1810 1704; x_wconf 75' lang='grc' dir='ltr'><strong><em>Κλέων</em></strong></span> <span class='ocrx_word' id='word_1_201' title='bbox 1824 1663 2003 1718; x_wconf 80' lang='grc' dir='ltr'><strong><em>Νίωνος,</em></strong></span> <span class='ocrx_word' id='word_1_202' title='bbox 2032 1666 2108 1705; x_wconf 85' lang='lat' dir='ltr'><strong>vid.</strong></span> <span class='ocrx_word' id='word_1_203' title='bbox 2128 1679 2165 1705; x_wconf 91' lang='grc' dir='ltr'><strong>ιι.</strong></span> <span class='ocrx_word' id='word_1_204' title='bbox 2181 1668 2297 1705; x_wconf 73' lang='lat'><strong>1574.</strong></span> 
     </span>
     <span class='ocr_line' id='line_1_22' title="bbox 441 1735 2299 1794; baseline -0.001 -14"><span class='ocrx_word' id='word_1_205' title='bbox 441 1736 711 1791; x_wconf 72' lang='lat' dir='ltr'><strong>21Ntoivcog,</strong></span> <span class='ocrx_word' id='word_1_206' title='bbox 747 1742 801 1779; x_wconf 70' lang='lat'><strong>27</strong></span> <span class='ocrx_word' id='word_1_207' title='bbox 828 1738 982 1785; x_wconf 75' lang='grc' dir='ltr'><strong>Κλέων,</strong></span> <span class='ocrx_word' id='word_1_208' title='bbox 1018 1741 1071 1777; x_wconf 76' lang='grc'><strong>31</strong></span> <span class='ocrx_word' id='word_1_209' title='bbox 1100 1735 1322 1786; x_wconf 80' lang='grc' dir='ltr'><strong>Κλιώνιος.</strong></span> <span class='ocrx_word' id='word_1_210' title='bbox 1379 1739 1437 1778; x_wconf 92' lang='lat' dir='ltr'><strong>Ib.</strong></span> <span class='ocrx_word' id='word_1_211' title='bbox 1466 1752 1536 1794; x_wconf 89' lang='lat' dir='ltr'><strong>pro</strong></span> <span class='ocrx_word' id='word_1_212' title='bbox 1564 1739 1865 1778; x_wconf 78' lang='grc' dir='ltr'><em>ΒΡΑΝΙΔΛΣ</em></span> <span class='ocrx_word' id='word_1_213' title='bbox 1886 1740 2110 1779; x_wconf 83' lang='lat' dir='ltr'><strong>Boeckhius</strong></span> <span class='ocrx_word' id='word_1_214' title='bbox 2138 1737 2299 1792; x_wconf 82' lang='grc' dir='ltr'><strong><em>Βρασί-</em></strong></span> 
     </span>
     <span class='ocr_line' id='line_1_23' title="bbox 443 1810 2296 1868; baseline -0.001 -14"><span class='ocrx_word' id='word_1_215' title='bbox 443 1815 531 1861; x_wconf 82' lang='grc' dir='ltr'><strong>δας,</strong></span> <span class='ocrx_word' id='word_1_216' title='bbox 563 1827 781 1867; x_wconf 80' lang='lat' dir='ltr'><strong>quamquam</strong></span> <span class='ocrx_word' id='word_1_217' title='bbox 809 1813 1034 1853; x_wconf 81' lang='lat' dir='ltr'><strong>dubitanter.</strong></span> <span class='ocrx_word' id='word_1_218' title='bbox 1098 1812 1144 1853; x_wconf 88' lang='lat' dir='ltr'><strong>Si</strong></span> <span class='ocrx_word' id='word_1_219' title='bbox 1180 1818 1394 1867; x_wconf 83' lang='lat' dir='ltr'><strong>corruptum</strong></span> <span class='ocrx_word' id='word_1_220' title='bbox 1438 1818 1498 1853; x_wconf 88' lang='lat' dir='ltr'><strong>est</strong></span> <span class='ocrx_word' id='word_1_221' title='bbox 1535 1827 1693 1864; x_wconf 87' lang='lat' dir='ltr'><strong>nomen,</strong></span> <span class='ocrx_word' id='word_1_222' title='bbox 1736 1815 1868 1868; x_wconf 89' lang='lat' dir='ltr'><strong>possis</strong></span> <span class='ocrx_word' id='word_1_223' title='bbox 1905 1815 2016 1853; x_wconf 81' lang='lat' dir='ltr'><strong>etiam</strong></span> <span class='ocrx_word' id='word_1_224' title='bbox 2043 1810 2259 1867; x_wconf 82' lang='grc' dir='ltr'><strong><em>Βραχίδας</em></strong></span> <span class='ocrx_word' id='word_1_225' title='bbox 2287 1829 2296 1852; x_wconf 88' lang='lat'>:</span> 
     </span>
     <span class='ocr_line' id='line_1_24' title="bbox 440 1887 2297 1943; baseline -0.001 -15"><span class='ocrx_word' id='word_1_226' title='bbox 440 1889 612 1943; x_wconf 82' lang='grc' dir='ltr'><strong><em>Βραχᾶς</em></strong></span> <span class='ocrx_word' id='word_1_227' title='bbox 639 1893 700 1928; x_wconf 90' lang='lat' dir='ltr'><strong>est</strong></span> <span class='ocrx_word' id='word_1_228' title='bbox 725 1902 763 1927; x_wconf 92' lang='lat' dir='ltr'><strong>n.</strong></span> <span class='ocrx_word' id='word_1_229' title='bbox 785 1889 899 1927; x_wconf 71' lang='lat'><strong>1618.</strong></span> <span class='ocrx_word' id='word_1_230' title='bbox 929 1889 955 1926; x_wconf 83' lang='lat'><strong>2</strong></span> <span class='ocrx_word' id='word_1_231' title='bbox 982 1892 1021 1926; x_wconf 87' lang='lat' dir='ltr'><strong>et</strong></span> <span class='ocrx_word' id='word_1_232' title='bbox 1046 1901 1084 1926; x_wconf 92' lang='lat' dir='ltr'><strong>n.</strong></span> <span class='ocrx_word' id='word_1_233' title='bbox 1115 1888 1231 1926; x_wconf 89' lang='grc'><strong>1626.</strong></span> <span class='ocrx_word' id='word_1_234' title='bbox 1260 1889 1302 1937; x_wconf 80' lang='lat'><strong>4,</strong></span> <span class='ocrx_word' id='word_1_235' title='bbox 1331 1889 1396 1937; x_wconf 87' lang='lat'><strong>11,</strong></span> <span class='ocrx_word' id='word_1_236' title='bbox 1427 1887 1488 1925; x_wconf 88' lang='lat' dir='ltr'><strong>cui</strong></span> <span class='ocrx_word' id='word_1_237' title='bbox 1516 1887 1551 1926; x_wconf 90' lang='lat' dir='ltr'><strong>si</strong></span> <span class='ocrx_word' id='word_1_238' title='bbox 1579 1900 1657 1926; x_wconf 92' lang='lat' dir='ltr'><strong>non</strong></span> <span class='ocrx_word' id='word_1_239' title='bbox 1684 1888 1836 1927; x_wconf 92' lang='lat' dir='ltr'><strong>multum</strong></span> <span class='ocrx_word' id='word_1_240' title='bbox 1853 1888 1987 1927; x_wconf 88' lang='lat' dir='ltr'><strong>tribuis</strong></span> <span class='ocrx_word' id='word_1_241' title='bbox 2007 1911 2059 1917; x_wconf 92' lang='lat'>—</span> <span class='ocrx_word' id='word_1_242' title='bbox 2077 1902 2164 1927; x_wconf 86' lang='lat' dir='ltr'><strong>nam</strong></span> <span class='ocrx_word' id='word_1_243' title='bbox 2184 1888 2297 1927; x_wconf 90' lang='lat' dir='ltr'><strong>homo</strong></span> 
     </span>
     <span class='ocr_line' id='line_1_25' title="bbox 439 1956 2295 2016; baseline -0.001 -13"><span class='ocrx_word' id='word_1_244' title='bbox 439 1962 610 2015; x_wconf 82' lang='lat' dir='ltr'><strong>aequalis</strong></span> <span class='ocrx_word' id='word_1_245' title='bbox 639 1962 712 2002; x_wconf 88' lang='lat' dir='ltr'><strong>fuit</strong></span> <span class='ocrx_word' id='word_1_246' title='bbox 739 1962 913 2002; x_wconf 80' lang='lat' dir='ltr'><strong>Traiano</strong></span> <span class='ocrx_word' id='word_1_247' title='bbox 943 1984 994 1990; x_wconf 93' lang='lat'>—</span> <span class='ocrx_word' id='word_1_248' title='bbox 1022 1961 1210 2000; x_wconf 84' lang='lat' dir='ltr'><strong>vetustius</strong></span> <span class='ocrx_word' id='word_1_249' title='bbox 1238 1973 1374 2000; x_wconf 89' lang='lat' dir='ltr'><strong>nomen</strong></span> <span class='ocrx_word' id='word_1_250' title='bbox 1400 1956 1646 2014; x_wconf 82' lang='grc' dir='ltr'><strong><em>Βραχύλλης</em></strong></span> <span class='ocrx_word' id='word_1_251' title='bbox 1681 1958 1746 2012; x_wconf 80' lang='grc' dir='ltr'><strong>(ἐκ</strong></span> <span class='ocrx_word' id='word_1_252' title='bbox 1773 1958 2001 2012; x_wconf 81' lang='grc' dir='ltr'><strong>Βοιωτίας)</strong></span> <span class='ocrx_word' id='word_1_253' title='bbox 2036 1961 2199 2001; x_wconf 84' lang='lat' dir='ltr'><strong>habetur</strong></span> <span class='ocrx_word' id='word_1_254' title='bbox 2234 1974 2295 2016; x_wconf 79' lang='lat' dir='ltr'><strong>ap.</strong></span> 
     </span>
     <span class='ocr_line' id='line_1_26' title="bbox 440 2033 2298 2089; baseline 0 -15"><span class='ocrx_word' id='word_1_255' title='bbox 440 2035 580 2089; x_wconf 87' lang='lat' dir='ltr'><strong>Polyb.</strong></span> <span class='ocrx_word' id='word_1_256' title='bbox 609 2035 739 2077; x_wconf 88' lang='lat' dir='ltr'><strong>XVII.</strong></span> <span class='ocrx_word' id='word_1_257' title='bbox 768 2039 808 2086; x_wconf 84' lang='lat'><strong>1,</strong></span> <span class='ocrx_word' id='word_1_258' title='bbox 836 2037 877 2086; x_wconf 90' lang='grc'><strong>2,</strong></span> <span class='ocrx_word' id='word_1_259' title='bbox 904 2035 996 2074; x_wconf 87' lang='grc' dir='ltr'><strong>ΧΧ.</strong></span> <span class='ocrx_word' id='word_1_260' title='bbox 1023 2036 1065 2085; x_wconf 81' lang='lat'><strong>5,</strong></span> <span class='ocrx_word' id='word_1_261' title='bbox 1092 2035 1132 2073; x_wconf 80' lang='lat'><strong>5.</strong></span> <span class='ocrx_word' id='word_1_262' title='bbox 1176 2033 1228 2072; x_wconf 87' lang='lat' dir='ltr'><strong>Et</strong></span> <span class='ocrx_word' id='word_1_263' title='bbox 1242 2033 1485 2072; x_wconf 82' lang='lat' dir='ltr'><strong>Boeotareha</strong></span> <span class='ocrx_word' id='word_1_264' title='bbox 1512 2047 1573 2088; x_wconf 84' lang='lat' dir='ltr'><strong>ap.</strong></span> <span class='ocrx_word' id='word_1_265' title='bbox 1591 2034 1762 2073; x_wconf 82' lang='lat' dir='ltr'><strong>Pausan.</strong></span> <span class='ocrx_word' id='word_1_266' title='bbox 1778 2034 1849 2074; x_wconf 88' lang='lat' dir='ltr'><strong>IX.</strong></span> <span class='ocrx_word' id='word_1_267' title='bbox 1879 2037 1945 2085; x_wconf 74' lang='lat'><strong>13,</strong></span> <span class='ocrx_word' id='word_1_268' title='bbox 1972 2037 2000 2073; x_wconf 73' lang='lat'><strong>7</strong></span> <span class='ocrx_word' id='word_1_269' title='bbox 2025 2035 2196 2074; x_wconf 82' lang='lat' dir='ltr'><strong>fortasse</strong></span> <span class='ocrx_word' id='word_1_270' title='bbox 2217 2048 2298 2074; x_wconf 91' lang='lat' dir='ltr'><strong>non</strong></span> 
     </span>
     <span class='ocr_line' id='line_1_27' title="bbox 441 2104 2298 2162; baseline 0.001 -15"><span class='ocrx_word' id='word_1_271' title='bbox 441 2106 703 2162; x_wconf 82' lang='grc' dir='ltr'><strong><em>Βακχυλίδης</em></strong></span> <span class='ocrx_word' id='word_1_272' title='bbox 720 2108 939 2160; x_wconf 84' lang='lat' dir='ltr'><strong>(Schubart.</strong></span> <span class='ocrx_word' id='word_1_273' title='bbox 962 2114 1001 2148; x_wconf 91' lang='lat' dir='ltr'><strong>et</strong></span> <span class='ocrx_word' id='word_1_274' title='bbox 1010 2107 1161 2159; x_wconf 82' lang='lat' dir='ltr'><strong>Walz.)</strong></span> <span class='ocrx_word' id='word_1_275' title='bbox 1191 2106 1260 2147; x_wconf 89' lang='lat' dir='ltr'><strong>sed</strong></span> <span class='ocrx_word' id='word_1_276' title='bbox 1277 2104 1565 2161; x_wconf 83' lang='grc' dir='ltr'><strong><em>Βραχυλλίδης</em></strong></span> <span class='ocrx_word' id='word_1_277' title='bbox 1588 2107 1710 2147; x_wconf 87' lang='lat' dir='ltr'><strong>dictus</strong></span> <span class='ocrx_word' id='word_1_278' title='bbox 1730 2108 1824 2158; x_wconf 81' lang='lat' dir='ltr'><strong>fuit3</strong></span> <span class='ocrx_word' id='word_1_279' title='bbox 1853 2109 1984 2147; x_wconf 83' lang='lat' dir='ltr'><strong>variae</strong></span> <span class='ocrx_word' id='word_1_280' title='bbox 2002 2108 2190 2149; x_wconf 86' lang='lat' dir='ltr'><strong>lectiones</strong></span> <span class='ocrx_word' id='word_1_281' title='bbox 2207 2113 2298 2149; x_wconf 84' lang='lat' dir='ltr'><strong>sunt</strong></span> 
     </span>
     <span class='ocr_line' id='line_1_28' title="bbox 438 2176 2297 2236; baseline 0.001 -14"><span class='ocrx_word' id='word_1_282' title='bbox 438 2180 767 2236; x_wconf 74' lang='grc' dir='ltr'><strong>βαγχυλ(λ)ίδης,</strong></span> <span class='ocrx_word' id='word_1_283' title='bbox 795 2178 1109 2236; x_wconf 76' lang='grc' dir='ltr'><strong><em>βραγχυλλίδης.</em></strong></span> <span class='ocrx_word' id='word_1_284' title='bbox 1166 2176 1437 2230; x_wconf 75' lang='grc' dir='ltr'><strong>Μνασιμάχω</strong></span> <span class='ocrx_word' id='word_1_285' title='bbox 1468 2196 1477 2221; x_wconf 90' lang='lat'><strong>:</strong></span> <span class='ocrx_word' id='word_1_286' title='bbox 1508 2182 1747 2235; x_wconf 85' lang='lat' dir='ltr'><strong>cognominis</strong></span> <span class='ocrx_word' id='word_1_287' title='bbox 1777 2182 1945 2222; x_wconf 89' lang='lat' dir='ltr'><strong>eiusdem</strong></span> <span class='ocrx_word' id='word_1_288' title='bbox 1971 2183 2078 2222; x_wconf 90' lang='lat' dir='ltr'><strong>urbis</strong></span> <span class='ocrx_word' id='word_1_289' title='bbox 2107 2183 2205 2223; x_wconf 86' lang='lat' dir='ltr'><strong>civis</strong></span> <span class='ocrx_word' id='word_1_290' title='bbox 2234 2186 2297 2223; x_wconf 84' lang='lat' dir='ltr'><strong>est</strong></span> 
     </span>
     <span class='ocr_line' id='line_1_29' title="bbox 445 2249 2296 2308; baseline -0.001 -10"><span class='ocrx_word' id='word_1_291' title='bbox 445 2254 494 2298; x_wconf 83' lang='lat' dir='ltr'><strong>C.</strong></span> <span class='ocrx_word' id='word_1_292' title='bbox 522 2257 561 2298; x_wconf 88' lang='lat' dir='ltr'><strong>J.</strong></span> <span class='ocrx_word' id='word_1_293' title='bbox 589 2272 626 2297; x_wconf 93' lang='grc' dir='ltr'><strong>ιι.</strong></span> <span class='ocrx_word' id='word_1_294' title='bbox 657 2259 773 2297; x_wconf 75' lang='grc'><strong>1936.</strong></span> <span class='ocrx_word' id='word_1_295' title='bbox 801 2259 841 2298; x_wconf 72' lang='lat'><strong>7.</strong></span> <span class='ocrx_word' id='word_1_296' title='bbox 875 2256 925 2299; x_wconf 89' lang='lat' dir='ltr'><strong>V.</strong></span> <span class='ocrx_word' id='word_1_297' title='bbox 957 2260 1007 2296; x_wconf 87' lang='lat' dir='ltr'><strong>lo</strong></span> <span class='ocrx_word' id='word_1_298' title='bbox 1036 2255 1220 2297; x_wconf 82' lang='lat' dir='ltr'><strong>coniicias</strong></span> <span class='ocrx_word' id='word_1_299' title='bbox 1254 2249 1511 2305; x_wconf 83' lang='grc' dir='ltr'><strong>Ὀλύμπιχος</strong></span> <span class='ocrx_word' id='word_1_300' title='bbox 1544 2256 1598 2306; x_wconf 89' lang='lat' dir='ltr'><strong>(v.</strong></span> <span class='ocrx_word' id='word_1_301' title='bbox 1627 2255 1675 2295; x_wconf 87' lang='lat' dir='ltr'><strong>ad</strong></span> <span class='ocrx_word' id='word_1_302' title='bbox 1700 2270 1738 2296; x_wconf 93' lang='grc' dir='ltr'><strong>ιι.</strong></span> <span class='ocrx_word' id='word_1_303' title='bbox 1766 2255 1818 2296; x_wconf 92' lang='grc' dir='ltr'><strong>ΙΙ.</strong></span> <span class='ocrx_word' id='word_1_304' title='bbox 1845 2256 1906 2308; x_wconf 90' lang='grc'><strong>9),</strong></span> <span class='ocrx_word' id='word_1_305' title='bbox 1942 2256 2012 2297; x_wconf 85' lang='lat' dir='ltr'><strong>sed</strong></span> <span class='ocrx_word' id='word_1_306' title='bbox 2040 2257 2177 2297; x_wconf 80' lang='lat' dir='ltr'><strong>confer</strong></span> <span class='ocrx_word' id='word_1_307' title='bbox 2203 2258 2296 2297; x_wconf 88' lang='grc' dir='ltr'><strong>Κα-</strong></span> 
     </span>
     <span class='ocr_line' id='line_1_30' title="bbox 438 2325 2298 2387; baseline 0.001 -16"><span class='ocrx_word' id='word_1_308' title='bbox 438 2328 580 2383; x_wconf 83' lang='grc' dir='ltr'><strong>βίριος</strong></span> <span class='ocrx_word' id='word_1_309' title='bbox 609 2344 669 2386; x_wconf 83' lang='lat' dir='ltr'><strong>ap.</strong></span> <span class='ocrx_word' id='word_1_310' title='bbox 688 2330 817 2371; x_wconf 82' lang='lat' dir='ltr'><strong>Leak.</strong></span> <span class='ocrx_word' id='word_1_311' title='bbox 845 2345 883 2371; x_wconf 88' lang='lat' dir='ltr'><strong>n.</strong></span> <span class='ocrx_word' id='word_1_312' title='bbox 910 2331 965 2371; x_wconf 73' lang='lat'><strong>53</strong></span> <span class='ocrx_word' id='word_1_313' title='bbox 994 2344 1025 2371; x_wconf 86' lang='lat' dir='ltr'><strong>s.</strong></span> <span class='ocrx_word' id='word_1_314' title='bbox 1043 2329 1211 2371; x_wconf 87' lang='lat' dir='ltr'><strong>Ulrichs.</strong></span> <span class='ocrx_word' id='word_1_315' title='bbox 1239 2342 1277 2386; x_wconf 88' lang='lat' dir='ltr'><strong>p.</strong></span> <span class='ocrx_word' id='word_1_316' title='bbox 1295 2328 1375 2370; x_wconf 80' lang='lat'><strong>2&#39;49</strong></span> <span class='ocrx_word' id='word_1_317' title='bbox 1402 2343 1440 2371; x_wconf 92' lang='lat' dir='ltr'><strong>n.</strong></span> <span class='ocrx_word' id='word_1_318' title='bbox 1459 2331 1526 2382; x_wconf 75' lang='lat'><strong>24,</strong></span> <span class='ocrx_word' id='word_1_319' title='bbox 1554 2325 1800 2385; x_wconf 82' lang='grc' dir='ltr'><strong>Δημήτριος</strong></span> <span class='ocrx_word' id='word_1_320' title='bbox 1826 2343 1859 2371; x_wconf 81' lang='lat' dir='ltr'><strong>s,</strong></span> <span class='ocrx_word' id='word_1_321' title='bbox 1888 2330 2016 2372; x_wconf 89' lang='lat' dir='ltr'><strong>boeot.</strong></span> <span class='ocrx_word' id='word_1_322' title='bbox 2045 2327 2298 2387; x_wconf 80' lang='grc' dir='ltr'><strong>Δαμάτριος</strong></span> 
     </span>
     <span class='ocr_line' id='line_1_31' title="bbox 440 2400 2293 2462; baseline 0.001 -17"><span class='ocrx_word' id='word_1_323' title='bbox 440 2419 479 2446; x_wconf 92' lang='grc' dir='ltr'><strong>ιι.</strong></span> <span class='ocrx_word' id='word_1_324' title='bbox 508 2406 626 2444; x_wconf 78' lang='grc'><strong>1583.</strong></span> <span class='ocrx_word' id='word_1_325' title='bbox 654 2408 709 2445; x_wconf 86' lang='grc'><strong>20</strong></span> <span class='ocrx_word' id='word_1_326' title='bbox 745 2406 800 2457; x_wconf 91' lang='grc' dir='ltr'><strong>(ιι.</strong></span> <span class='ocrx_word' id='word_1_327' title='bbox 830 2407 947 2445; x_wconf 89' lang='grc'><strong>1628.</strong></span> <span class='ocrx_word' id='word_1_328' title='bbox 985 2407 1008 2444; x_wconf 96' lang='grc'><strong>1</strong></span> <span class='ocrx_word' id='word_1_329' title='bbox 1037 2400 1286 2459; x_wconf 81' lang='grc' dir='ltr'><strong>Δαμάτριον</strong></span> <span class='ocrx_word' id='word_1_330' title='bbox 1320 2404 1431 2444; x_wconf 84' lang='lat' dir='ltr'><strong>valde</strong></span> <span class='ocrx_word' id='word_1_331' title='bbox 1468 2405 1654 2445; x_wconf 88' lang='lat' dir='ltr'><strong>incertum</strong></span> <span class='ocrx_word' id='word_1_332' title='bbox 1692 2418 1806 2456; x_wconf 91' lang='lat' dir='ltr'><strong>esse,</strong></span> <span class='ocrx_word' id='word_1_333' title='bbox 1844 2405 1950 2445; x_wconf 83' lang='lat' dir='ltr'><strong>infra</strong></span> <span class='ocrx_word' id='word_1_334' title='bbox 1983 2407 2149 2462; x_wconf 82' lang='lat' dir='ltr'><strong>probare</strong></span> <span class='ocrx_word' id='word_1_335' title='bbox 2178 2420 2293 2447; x_wconf 83' lang='lat' dir='ltr'><strong>cona-</strong></span> 
     </span>
     <span class='ocr_line' id='line_1_32' title="bbox 438 2474 2292 2534; baseline 0.001 -14"><span class='ocrx_word' id='word_1_336' title='bbox 438 2480 544 2531; x_wconf 82' lang='lat' dir='ltr'><strong>bor),</strong></span> <span class='ocrx_word' id='word_1_337' title='bbox 575 2474 882 2530; x_wconf 79' lang='grc' dir='ltr'><strong>Ἀπολλώνιος,</strong></span> <span class='ocrx_word' id='word_1_338' title='bbox 920 2475 1226 2531; x_wconf 81' lang='grc' dir='ltr'><strong>Ποσειδώνιος,</strong></span> <span class='ocrx_word' id='word_1_339' title='bbox 1261 2474 1502 2526; x_wconf 78' lang='grc' dir='ltr'><strong>Διονύσιος.</strong></span> <span class='ocrx_word' id='word_1_340' title='bbox 1560 2479 1610 2522; x_wconf 87' lang='lat' dir='ltr'><strong>V.</strong></span> <span class='ocrx_word' id='word_1_341' title='bbox 1635 2483 1684 2520; x_wconf 95' lang='lat'><strong>11</strong></span> <span class='ocrx_word' id='word_1_342' title='bbox 1715 2479 1763 2519; x_wconf 83' lang='lat' dir='ltr'><strong>ad</strong></span> <span class='ocrx_word' id='word_1_343' title='bbox 1784 2478 2023 2534; x_wconf 84' lang='grc' dir='ltr'><strong><em>Παμπίραο</em></strong></span> <span class='ocrx_word' id='word_1_344' title='bbox 2052 2482 2102 2521; x_wconf 85' lang='lat' dir='ltr'><strong>cf.</strong></span> <span class='ocrx_word' id='word_1_345' title='bbox 2120 2482 2292 2522; x_wconf 82' lang='lat' dir='ltr'><strong>Ahrens.</strong></span> 
     </span>
     <span class='ocr_line' id='line_1_33' title="bbox 437 2542 2293 2609; baseline 0.001 -15"><span class='ocrx_word' id='word_1_346' title='bbox 437 2552 459 2594; x_wconf 90' lang='grc' dir='ltr'><strong>Ι</strong></span> <span class='ocrx_word' id='word_1_347' title='bbox 485 2566 523 2609; x_wconf 88' lang='lat' dir='ltr'><strong>p.</strong></span> <span class='ocrx_word' id='word_1_348' title='bbox 551 2555 645 2605; x_wconf 82' lang='grc'><strong>196,</strong></span> <span class='ocrx_word' id='word_1_349' title='bbox 673 2548 929 2607; x_wconf 80' lang='grc' dir='ltr'><strong><em>Παμπείρης</em></strong></span> <span class='ocrx_word' id='word_1_350' title='bbox 945 2551 1044 2608; x_wconf 79' lang='lat' dir='ltr'><strong>Pap.</strong></span> <span class='ocrx_word' id='word_1_351' title='bbox 1063 2552 1222 2594; x_wconf 86' lang='lat' dir='ltr'><strong>inLex.</strong></span> <span class='ocrx_word' id='word_1_352' title='bbox 1277 2553 1334 2596; x_wconf 86' lang='lat' dir='ltr'><strong>Ib.</strong></span> <span class='ocrx_word' id='word_1_353' title='bbox 1362 2557 1402 2593; x_wconf 86' lang='lat' dir='ltr'><strong>et</strong></span> <span class='ocrx_word' id='word_1_354' title='bbox 1427 2566 1464 2594; x_wconf 87' lang='lat' dir='ltr'><strong>v.</strong></span> <span class='ocrx_word' id='word_1_355' title='bbox 1495 2555 1546 2594; x_wconf 91' lang='grc'><strong>12</strong></span> <span class='ocrx_word' id='word_1_356' title='bbox 1573 2554 1735 2608; x_wconf 85' lang='lat' dir='ltr'><strong>egregie</strong></span> <span class='ocrx_word' id='word_1_357' title='bbox 1760 2542 1985 2596; x_wconf 83' lang='lat' dir='ltr'><strong>Boeckhius</strong></span> <span class='ocrx_word' id='word_1_358' title='bbox 2015 2554 2119 2596; x_wconf 86' lang='lat' dir='ltr'><strong>dedit</strong></span> <span class='ocrx_word' id='word_1_359' title='bbox 2140 2550 2293 2609; x_wconf 84' lang='grc' dir='ltr'><strong><em>Ὀφελ-</em></strong></span> 
     </span>
     <span class='ocr_line' id='line_1_34' title="bbox 436 2624 2287 2685; baseline 0.001 -17"><span class='ocrx_word' id='word_1_360' title='bbox 436 2625 546 2680; x_wconf 86' lang='grc' dir='ltr'><strong>σίμω</strong></span> <span class='ocrx_word' id='word_1_361' title='bbox 573 2628 634 2680; x_wconf 92' lang='lat' dir='ltr'><strong>(in</strong></span> <span class='ocrx_word' id='word_1_362' title='bbox 659 2627 734 2683; x_wconf 83' lang='lat' dir='ltr'><strong>lap.</strong></span> <span class='ocrx_word' id='word_1_363' title='bbox 763 2625 958 2678; x_wconf 72' lang='grc' dir='ltr'>ΕΠΗΩ);</span> <span class='ocrx_word' id='word_1_364' title='bbox 986 2625 1163 2667; x_wconf 83' lang='lat' dir='ltr'><strong>Eustath.</strong></span> <span class='ocrx_word' id='word_1_365' title='bbox 1191 2641 1229 2683; x_wconf 87' lang='lat' dir='ltr'><strong>p.</strong></span> <span class='ocrx_word' id='word_1_366' title='bbox 1250 2630 1364 2669; x_wconf 77' lang='lat'><strong>1472.</strong></span> <span class='ocrx_word' id='word_1_367' title='bbox 1382 2629 1437 2668; x_wconf 74' lang='grc'><strong>32</strong></span> <span class='ocrx_word' id='word_1_368' title='bbox 1463 2630 1542 2668; x_wconf 86' lang='grc' dir='ltr'><strong>τοῦ</strong></span> <span class='ocrx_word' id='word_1_369' title='bbox 1568 2624 1764 2682; x_wconf 80' lang='grc' dir='ltr'><strong>ὀφέλλειν</strong></span> <span class='ocrx_word' id='word_1_370' title='bbox 1792 2625 1885 2670; x_wconf 76' lang='grc' dir='ltr'><strong>ἔστι</strong></span> <span class='ocrx_word' id='word_1_371' title='bbox 1912 2628 1986 2670; x_wconf 85' lang='grc' dir='ltr'><strong>καὶ</strong></span> <span class='ocrx_word' id='word_1_372' title='bbox 2012 2624 2146 2682; x_wconf 68' lang='grc' dir='ltr'><strong><em>ὄνομα</em></strong></span> <span class='ocrx_word' id='word_1_373' title='bbox 2170 2628 2287 2685; x_wconf 82' lang='grc' dir='ltr'><strong><em>παρὰ</em></strong></span> 
     </span>
     <span class='ocr_line' id='line_1_35' title="bbox 432 2694 2282 2759; baseline -0.001 -15"><span class='ocrx_word' id='word_1_374' title='bbox 432 2703 494 2759; x_wconf 74' lang='grc' dir='ltr'><strong>τῷ</strong></span> <span class='ocrx_word' id='word_1_375' title='bbox 529 2697 758 2756; x_wconf 77' lang='grc' dir='ltr'><strong>Ὀππιανῷ</strong></span> <span class='ocrx_word' id='word_1_376' title='bbox 793 2697 1043 2755; x_wconf 83' lang='grc' dir='ltr'><strong>ὂφέλλιμος,</strong></span> <span class='ocrx_word' id='word_1_377' title='bbox 1096 2698 1122 2742; x_wconf 83' lang='grc' dir='ltr'>ὅ</span> <span class='ocrx_word' id='word_1_378' title='bbox 1170 2694 1282 2750; x_wconf 82' lang='grc' dir='ltr'><strong>τινες</strong></span> <span class='ocrx_word' id='word_1_379' title='bbox 1330 2700 1403 2742; x_wconf 83' lang='grc' dir='ltr'><strong>καὶ</strong></span> <span class='ocrx_word' id='word_1_380' title='bbox 1444 2698 1679 2756; x_wconf 83' lang='grc' dir='ltr'><strong>ὀφέλσιμον</strong></span> <span class='ocrx_word' id='word_1_381' title='bbox 1727 2700 1922 2758; x_wconf 72' lang='grc' dir='ltr'><strong><em>ἔγραψαν</em></strong></span> <span class='ocrx_word' id='word_1_382' title='bbox 1969 2701 2282 2758; x_wconf 80' lang='grc' dir='ltr'><strong>αἶολικώτερον,</strong></span> 
     </span>
     <span class='ocr_line' id='line_1_36' title="bbox 435 2776 2286 2833; baseline -0.001 -14"><span class='ocrx_word' id='word_1_383' title='bbox 435 2779 614 2820; x_wconf 87' lang='lat' dir='ltr'><strong>Lobeck.</strong></span> <span class='ocrx_word' id='word_1_384' title='bbox 631 2778 838 2832; x_wconf 85' lang='lat' dir='ltr'><strong>Patholog.</strong></span> <span class='ocrx_word' id='word_1_385' title='bbox 866 2792 904 2833; x_wconf 88' lang='lat' dir='ltr'><strong>p.</strong></span> <span class='ocrx_word' id='word_1_386' title='bbox 923 2780 1014 2818; x_wconf 88' lang='grc'><strong>166.</strong></span> <span class='ocrx_word' id='word_1_387' title='bbox 1067 2776 1118 2819; x_wconf 89' lang='lat' dir='ltr'><strong>V.</strong></span> <span class='ocrx_word' id='word_1_388' title='bbox 1138 2779 1191 2818; x_wconf 73' lang='lat'><strong>18</strong></span> <span class='ocrx_word' id='word_1_389' title='bbox 1215 2791 1286 2833; x_wconf 89' lang='lat' dir='ltr'><strong>pro</strong></span> <span class='ocrx_word' id='word_1_390' title='bbox 1313 2776 1582 2822; x_wconf 80' lang='grc' dir='ltr'><em>ΚΛΙΟΝΑΞ</em></span> <span class='ocrx_word' id='word_1_391' title='bbox 1607 2779 1803 2832; x_wconf 87' lang='lat' dir='ltr'><strong>(Boeckh.</strong></span> <span class='ocrx_word' id='word_1_392' title='bbox 1824 2779 2040 2832; x_wconf 81' lang='grc' dir='ltr'><strong><em>Κλιῶναξ)</em></strong></span> <span class='ocrx_word' id='word_1_393' title='bbox 2067 2780 2234 2821; x_wconf 80' lang='lat' dir='ltr'><strong>Ahrens.</strong></span> <span class='ocrx_word' id='word_1_394' title='bbox 2253 2779 2286 2819; x_wconf 92' lang='lat'><strong>1.</strong></span> 
     </span>
    </p>
   </div>
   <div class='ocr_carea' id='block_1_8' title="bbox 436 2848 1993 2970">
    <p class='ocr_par' dir='ltr' id='par_1_8' title="bbox 436 2848 1993 2970">
     <span class='ocr_line' id='line_1_37' title="bbox 436 2848 1353 2907; baseline -0.002 -13"><span class='ocrx_word' id='word_1_395' title='bbox 436 2866 475 2907; x_wconf 85' lang='lat' dir='ltr'><strong>p.</strong></span> <span class='ocrx_word' id='word_1_396' title='bbox 503 2856 579 2894; x_wconf 73' lang='lat'><strong>171</strong></span> <span class='ocrx_word' id='word_1_397' title='bbox 607 2848 827 2901; x_wconf 82' lang='grc' dir='ltr'><strong>Κλιόαναξ</strong></span> <span class='ocrx_word' id='word_1_398' title='bbox 849 2852 973 2893; x_wconf 80' lang='lat' dir='ltr'><strong>fuisse</strong></span> <span class='ocrx_word' id='word_1_399' title='bbox 1000 2865 1121 2906; x_wconf 86' lang='lat' dir='ltr'><strong>posse</strong></span> <span class='ocrx_word' id='word_1_400' title='bbox 1149 2853 1353 2895; x_wconf 84' lang='lat' dir='ltr'><strong>annotavit.</strong></span> 
     </span>
     <span class='ocr_line' id='line_1_38' title="bbox 1933 2931 1993 2970; baseline 0 -19"><span class='ocrx_word' id='word_1_401' title='bbox 1933 2931 1993 2970; x_wconf 60' lang='lat'><strong>5·</strong></span> 
     </span>
    </p>
   </div>
  </div>
 </body>
</html>
