2692 3118
1309 171 1340 216 7

288 320 442 363 codices
468 319 511 361 in
536 318 714 360 facienda
740 317 904 361 editione
929 319 1008 361 ista
1032 319 1155 360 minus
1183 324 1358 361 accurate
1386 331 1691 361 excussos-esse
1719 320 1889 360 constat.-
1936 315 2073 370 Neque
2100 316 2199 372 apud
2224 317 2358 360 Xeno·

287 396 466 452 phontem
499 394 614 434 lectio
644 392 854 442 Φυλλίδας
886 407 1047 449 prorsus
1082 399 1189 435 certa
1222 399 1304 435 est:
1361 394 1429 435 sed
1463 394 1519 434 ihi
1552 406 1698 446 quoque
1734 392 1801 444 (V.
1827 393 1871 443 4,
1897 393 1945 443 4)
1982 390 2057 431 duo
2093 391 2183 431 libri
2217 392 2360 434 habeut

290 465 508 516 Φιλλίδας,
536 482 633 508 unus
665 466 854 516 Φιλίδας.
882 499 884 501 >
907 467 992 509 Nec
1018 468 1115 510 hene
1141 483 1166 509 a
1183 468 1418 510 Schneidero
1444 469 1472 510 l.
1499 468 1527 511 l.
1556 472 1768 509 correctum
1795 479 1887 506 esse
1915 465 2103 506 arbitror:
2133 466 2357 520 (βοιωταρ-

284 542 386 596 χῶν)
412 539 687 596 Πυθάγγελος
713 538 737 583 ὁ
768 538 979 583 Φυλλίδου
1006 556 1066 599 ap.
1096 543 1274 599 Thucyd.
1302 543 1354 584 11.
1382 545 1429 596 2,
1466 543 1575 584 cuius
1603 540 1757 582 codices
1783 540 1936 596 plurimi
1965 537 2176 581 Φυλείδου
2202 540 2358 592 habent,

287 616 361 658 duo
392 614 594 668 Φιλίδου,
631 615 933 671 quemadmodum
972 615 1152 666 Φιλίδας
1185 622 1230 658 et
1254 614 1440 666 Φυλίδας
1473 618 1515 657 iu
1542 616 1631 656 aliis
1662 628 1807 670 quoque
1837 614 2090 670 scriptoribus
2115 614 2359 656 librariorum

287 703 420 731 errore
457 692 673 745 promiscue
708 691 917 742 habentur,
944 705 982 732 v.
1011 691 1373 747 Schweighaeuser.
1409 691 1459 732 ad
1494 690 1637 744 Polyb.
1664 689 1736 732 IV.
1758 692 1836 740 77,
1862 691 1902 729 6.
1938 691 2017 741 78,
2047 691 2084 729 1.
2120 690 2188 740 w,
2216 691 2258 740 2,
2296 690 2360 730 ubi

286 764 400 804 etiam
430 761 639 811 Φιλλίδας
665 769 744 805 est:
776 761 986 811 Φιλίωνος
1008 769 1052 820 ,ει
1082 762 1596 818 mammogniog.Lae1-t.
1611 762 1771 812 1v‚88;
1804 760 1919 802 Φίλα
1947 766 1987 801 et
2004 759 2144 802 Φίλλα
2157 762 2358 803 Plutarch.

286 836 459 878 Demetr.
476 840 551 886 143
590 835 697 878 Curt.
726 837 803 878 An.
831 837 883 877 D.
910 851 949 878 n.
979 840 1028 878 11
1057 835 1232 879 Πολλύα
1258 843 1298 879 et
1322 834 1496 887 Πολύα,
1522 832 1699 893 Πολύας
1732 826 1879 877 Herod.
1907 833 2017 878 Vm.
2045 838 2120 886 213
2159 832 2291 889 στήλη
2318 842 2360 876 et

284 911 326 952 in
352 911 470 951 titulis
497 910 598 951 haud
624 924 713 951 raro
741 906 909 965 στήλλη.
962 910 1111 952 Addam
1138 911 1313 966 deniquo,
1341 911 1442 953 aliud
1467 911 1634 952 nominis
1656 907 1870 957 Φυλλίδας
1896 910 2121 965 exemplum,
2149 909 2248 963 quod
2273 909 2359 964 quis

283 984 426 1025 afferre
452 985 579 1040 possit
600 998 655 1024 ex
681 985 738 1025 tit.
765 984 904 1040 Delph.
932 999 971 1026 ιι.
1000 988 1116 1026 loeo.
1146 988 1211 1039 18,
1239 990 1279 1027 et
1304 987 1426 1042 ipsum
1452 986 1639 1026 incertum
1667 997 1771 1025 esse.
1793 979 1798 982 ’
1826 984 1927 1024 Nam
1952 983 2008 1025 ibi
2033 982 2261 1025 Dodwellus
2289 984 2356 1023 de-

283 1059 360 1100 dit:
393 1061 446 1099 Φ.
467 1058 734 1110 ΛΛΥΔΛΣ,
761 1058 904 1109 illuda
921 1059 1122 1101 Boeckhio
1149 1061 1365 1101 restitutum
1387 1065 1459 1102 est.

389 1132 493 1174 Tum
522 1146 659 1173 nomen
684 1128 1001 1192 Ποταμόδωρος
1034 1135 1286 1176 annotandum
1312 1139 1376 1176 est
1399 1134 1688 1189 lexicographis
1715 1139 1758 1174 ut
1782 1129 2058 1188 Δαμάτριχος
2082 1147 2119 1173 V.
2145 1135 2189 1184 8,
2217 1133 2264 1172 de
2284 1146 2358 1186 quo

282 1221 319 1249 v.
348 1205 397 1249 ad
421 1221 461 1249 n.
487 1206 560 1248 111.
589 1207 654 1248 12.
706 1206 764 1248 Ib.
791 1205 1212 1262 γραμματίδῙδῙοντ-ος
1237 1209 1447 1251 emendatio
1476 1213 1539 1250 est
1562 1206 1703 1259 Curtii,
1731 1222 1770 1249 ν.
1796 1206 1899 1250 Ahr.
1925 1206 1946 1248 1
1971 1221 2010 1262 p.
2042 1208 2132 1248 175.
2158 1208 2199 1248 2.
2252 1206 2303 1250 V.
2330 1207 2361 1248 5

281 1276 530 1336 Πολυκρίτω
566 1280 766 1337 repetitum
801 1293 826 1321 a
851 1293 910 1322 me
947 1285 1009 1322 est
1042 1294 1093 1322 ex
1126 1281 1319 1324 Boeckhii
1355 1283 1462 1325 titulo
1497 1295 1538 1326 ιι.
1577 1282 1694 1323 1574.
1730 1283 1759 1321 6
1793 1280 1979 1334 (Ulrichs.
2018 1293 2057 1337 p.
2084 1281 2168 1321 208
2203 1293 2241 1321 ιι.
2269 1280 2353 1334 21).

282 1354 440 1395 Curtius
469 1355 681 1409 scripserat
704 1352 973 1408 Πολυρείτω,
1009 1356 1109 1408 quod
1133 1356 1327 1397 Ahrensio
1365 1370 1512 1410 quoque
1537 1356 1579 1395 Π
1613 1369 1651 1410 p.
1677 1357 1756 1394 521
1785 1356 1935 1395 dubium
1963 1354 2175 1395 videbatur.
2237 1354 2289 1397 V.
2315 1357 2355 1395 δ.

281 1427 382 1468 idem
398 1427 460 1466 vir
473 1427 716 1466 doctissimus
738 1439 810 1480 pro
826 1439 873 1465 eo
889 1427 988 1478 quod
1002 1426 1159 1467 Curtius
1187 1429 1345 1467 dederat
1368 1428 1441 1467 τὸν
1467 1430 1630 1481 πρᾶτον
1656 1425 2039 1481 ἐστροτευάθησαν,
2070 1428 2154 1467 scil.
2172 1425 2356 1481 στρατόν

280 1500 356 1542 vel.
384 1495 535 1541 στόλον
559 1514 598 1555 p.
626 1502 716 1546 llo,
747 1499 886 1540 collata
911 1500 1160 1555 inscriptione
1187 1500 1402 1542 Leakeana
1427 1515 1466 1542 ιι.
1493 1502 1572 1552 87,
1601 1502 1656 1540 27
1682 1502 1810 1552 (nobis
1837 1500 1933 1552 111),
1959 1501 2026 1541 uhi
2059 1505 2123 1541 est
2147 1500 2354 1541 ΕΣΤΡΟ-

285 1573 543 1625 TEYAOH,
581 1573 721 1628 optime
747 1572 787 1613 Π
813 1587 850 1628 p.
877 1575 958 1614 517
984 1575 1097 1626 (524)
1125 1571 1195 1615 τοὶ
1227 1574 1391 1629 πρᾶτον
1415 1569 1694 1628 ἑοτροτεύαον
1721 1574 1909 1622 coniecit5
1948 1573 2025 1614 alia
2051 1573 2226 1629 exempla
2262 1587 2354 1615 con·

280 1648 479 1690 &actionis
504 1647 705 1702 neglectae
734 1648 955 1700 (nominain
982 1647 1153 1696 -λαος,
1181 1643 1454 1703 Εὗρουφᾶων,
1483 1644 1645 1702 πρίασο
1658 1647 1860 1703 Aristoph.
1881 1647 2054 1689 Acharn.
2067 1647 2354 1700 menimdorf.)

280 1722 438 1777 collegit
462 1721 503 1761 11
535 1736 573 1776 p.
600 1723 693 1761 522.
715 1711 726 1719 ’
759 1721 937 1764 Verbum·
969 1727 1092 1761 autem
1129 1718 1367 1777 προτευάω
1400 1722 1558 1777 probari
1592 1722 1743 1763 videtur
1777 1723 2003 1778 inperative
2031 1718 2355 1763 καταδουλεάτω

279 1797 322 1838 in
347 1796 531 1838 Ulrichsii
565 1794 672 1835 titulo
701 1795 857 1836 Tithor.
884 1795 954 1838 IV.
984 1798 1038 1836 18
1061 1795 1166 1836 Mus.
1193 1795 1320 1837 Rhen.
1348 1810 1384 1836 a.
1412 1798 1517 1836 1848
1542 1810 1582 1851 p.
1606 1798 1711 1848 557,
1747 1810 1843 1850 quae
1879 1797 2004 1837 forma
2039 1801 2102 1836 est
2127 1788 2198 1851 pro
2226 1811 2353 1837 κατα-

280 1864 534 1921 δουλευάτω,
562 1872 604 1910 ut
631 1872 720 1911 sunt
742 1863 934 1925 Ἐαμερίς
960 1882 1021 1925 ap.
1048 1868 1170 1912 Ross.
1197 1868 1321 1912 Inscr.
1348 1867 1455 1912 Ined.
1472 1868 1494 1911 Ι
1519 1885 1558 1913 ιι.
1585 1872 1652 1914 74.
1682 1870 1705 1913 b
1731 1872 1774 1923 2,
1799 1872 1841 1923 7,
1868 1873 1896 1912 8
1921 1885 1960 1926 p.
1986 1871 2056 1922 88,
2083 1865 2355 1921 ἐπισκεάζειν

280 1942 328 1985 C.
355 1942 394 1984 J.
421 1956 460 1983 n.
489 1944 607 1983 1888.
634 1943 670 1982 b.
697 1946 725 1983 6
752 1939 991 1998 σκεοθήκας
1015 1944 1067 1983 ib.
1097 1946 1148 1983 12
1184 1942 1370 1996 (Ahrens.
1397 1943 1437 1982 11
1462 1957 1501 2000 p.
1529 1946 1630 1996 188,
1657 1944 1789 1985 Franz
1817 1943 1878 1984 El.
1906 1943 1980 2000 Ep.
2010 1943 2078 1984 Gr.
2105 1957 2144 2000 p.
2165 1945 2265 1985 151.
2292 1946 2354 1997 8),

281 2014 558 2057 κατεσκέασεν
582 2030 620 2055 ιι.
648 2018 767 2057 2844.
795 2019 837 2067 8,
872 2013 1187 2057 ἑπισκεάσαντα
1211 2031 1251 2058 ιι.
1277 2019 1394 2058 8524.
1420 2019 1490 2069 24,
1525 2014 1890 2065 κατασκεάσαντες
1915 2032 1953 2059 ιι.
1979 2019 2102 2070 8958,
2131 2031 2175 2073 g,
2203 2030 2355 2059 συνεα-

279 2086 531 2146 ρεστεόντων
566 2089 612 2130 de
646 2104 732 2130 mea
765 2091 984 2130 coniectura
1018 2091 1059 2130 in
1086 2089 1195 2131 Curt.
1222 2091 1300 2132 An.
1328 2091 1467 2145 Delph.
1495 2105 1534 2131 ιι.
1561 2094 1639 2143 24,
1675 2094 1704 2132 8
1737 2095 1779 2142 (.
1795 2092 2064 2143 YMEAPE),
2101 2086 2354 2146 ἄπελεθέρα

280 2163 425 2206 Osann.
454 2163 551 2219 Syll.
578 2177 616 2219 p.
643 2164 739 2215 4ao,
768 2157 1008 2204 ἆναπάεται
1033 2164 1084 2204 ib.
1110 2164 1205 2216 488,
1227 2158 1431 2218 ’Λγοῦστα
1456 2178 1495 2207 ιι.
1519 2166 1640 2207 m.
1668 2165 1691 2206 b
1718 2179 1755 2207 v·
1783 2164 1844 2205 ΙΠ
1869 2178 1908 2220 p.
1936 2166 2002 2206 68.
2031 2165 2070 2218 b,
2097 2179 2137 2208 ιι.
2168 2167 2285 2211 1824.
2301 2168 2352 2217 Ος

280 2238 329 2279 do
355 2237 558 2278 EATDY
580 2238 606 2277 i.
625 2251 660 2278 e.
690 2232 842 2278 ἑαυτοῦ
869 2237 972 2278 infra
997 2250 1109 2292 agam
1136 2237 1185 2278 ad
1210 2237 1384 2278 Boeckh.
1412 2238 1530 2279 inscr-
1560 2253 1599 2279 ιι.
1628 2240 1744 2281 iffi.
1771 2240 1838 2280 65.

387 2310 608 2367 Imperfecti
647 2311 746 2351 ratio
789 2315 851 2352 est
891 2310 1037 2363 eadem,
1079 2324 1174 2365 quae
1211 2311 1254 2352 in
1289 2311 1418 2352 verbis
1453 2307 1775 2367 γραμματεύειν,
1814 2310 2073 2362 ἐπιστατεῖν,
2118 2310 2351 2363 διδάσκειν,

281 2380 437 2432 αὐλεῖν,
467 2385 607 2430 νικᾶν,
646 2386 789 2425 ποιεῖν
815 2385 1006 2436 cernitur,
1033 2398 1071 2426 v.
1097 2377 1329 2439 Bernhardy
1354 2385 1394 2426 in
1420 2384 1533 2439 Synt.
1553 2385 1676 2441 Ling.
1695 2385 1766 2428 Gr.
1781 2388 1875 2427 878.
1931 2385 2081 2429 contra
2106 2393 2215 2430 recta
2241 2390 2358 2431 habet

280 2459 449 2501 aoristus
476 2457 586 2499 verbi
612 2452 951 2512 ἀπογράφεσθαι
976 2471 1015 2499 ιι.
1036 2457 1095 2501 IV
1115 2462 1155 2499 et
1174 2456 1222 2499 C.
1242 2458 1282 2500 J.
1301 2472 1339 2501 ιι.
1360 2460 1475 2501 1574.
1501 2460 1542 2501 2.
1595 2459 1647 2503 V.
1673 2463 1703 2501 8
1731 2458 1981 2512 Τιμασιθίω
2009 2460 2148 2504 Curtio
2173 2462 2359 2515 debetur,

278 2533 331 2573 ib.
347 2529 513 2572 Ἵππων
539 2544 677 2572 nomen
703 2535 765 2571 est
790 2531 903 2571 etiam
929 2531 971 2571 in
995 2531 1122 2588 lapide
1149 2532 1369 2589 sepulcrali,
1403 2533 1466 2588 qui
1490 2546 1591 2575 nunc
1618 2534 1807 2575 ecclesiae
1835 2534 2054 2577 Taximhi
2079 2550 2201 2594 prope
2228 2536 2354 2580 Coro-

277 2620 389 2649 neam
414 2608 585 2648 insertus
612 2610 685 2646 est.
748 2605 868 2648 Dedit
892 2607 991 2646 hunc
1018 2606 1164 2647 titulum
1192 2621 1243 2647 ex
1268 2607 1423 2662 Finlayi
1449 2610 1675 2665 apographo
1697 2610 1885 2651 Leakeus
1913 2610 2039 2651 Tru.
2066 2612 2109 2652 in
2134 2613 2200 2653 the
2226 2614 2353 2654 north.

280 2680 348 2723 Gr.
373 2681 429 2723 Π.
457 2682 538 2722 185
571 2680 663 2732 (,,ἰιι
689 2679 909 2721 characters
938 2681 984 2722 of
1007 2682 1071 2722 the
1105 2682 1194 2723 best
1228 2683 1405 2735 timeffl),
1440 2683 1619 2737 misitque
1654 2685 1916 2740 apographum
1941 2685 2145 2727 Boeckhio
2170 2686 2353 2728 Roscius.

275 2752 327 2799 V.
352 2756 384 2796 0
403 2748 680 2807 Ὀλυμπίχιος
706 2769 717 2795 :
740 2749 997 2807 Ὀλυμπίχου
1024 2753 1260 2811 Κορωνέως
1283 2757 1510 2799 mentionem
1536 2754 1726 2814 Polybius
1752 2759 1847 2801 fecit
1860 2757 2031 2804 XXVII.
2049 2763 2090 2813 1,
2103 2763 2146 2814 ὓ,
2175 2761 2354 2803 Thebani

276 2828 406 2871 titulus
432 2841 472 2870 ιι.
490 2827 600 2872 vm.
628 2831 695 2871 82.
748 2829 869 2872 Redit
891 2842 1031 2873 nomen
1053 2829 1161 2874 ‘infra
1185 2843 1224 2873 v.
1253 2833 1317 2875 17.
1370 2831 1433 2873 De
1458 2832 1626 2876 nominis
1643 2829 1889 2889 Κορειάδας
1915 2836 1975 2888 (v.
1995 2835 2164 2888 o—lo)
2189 2835 2351 2891 integri·
